4734 5809
1158 566 1165 578 ¹
1351 593 1355 604 ’
1898 622 1997 688 acar.
2042 624 2153 708 olymp.

460 694 574 778 Hiceta
597 704 681 774 forte
703 703 857 785 absente,
888 696 1058 792 Syracusis
1079 700 1235 772 adversus
1259 725 1336 774 eum
1364 702 1511 775 existunt
1529 704 1684 799 'l'hyuion
1714 720 1748 779 et
1769 709 1858 781 Sosi-

503 806 633 871 stratus,
657 817 732 860 cum
755 791 872 861 eodem
895 801 1043 882 tempore
1065 790 1184 859 Cartha
1208 791 1384 860 iniensium
1407 792 1495 861 bello
1519 795 1595 863 loris
1618 810 1783 887 urgentur.

458 884 582 953 Harum
605 883 774 950 turbarum
795 901 891 947 eausa
914 878 1087 968 Pyrrhus,
1116 903 1175 948 rex
1226 880 1304 972 piri,
1330 879 1520 972 Agathoclis
1542 906 1659 973 gener,
1687 909 1731 955 ea
1751 888 1854 970 ltalia,

503 973 560 1040 uhi
582 982 654 1038 tum
678 969 819 1037 maxime
842 965 965 1034 bellum
988 977 1099 1034 contm
1122 966 1291 1036 Romanos
1313 970 1425 1057 gessit,
1450 972 1623 1040 arcessitur
1650 1021 1853 1042 .......
1913 976 1980 1047 278
2044 979 2141 1061 1253

457 1058 521 1132 Hic
543 1059 692 1128 celeriter
707 1054 1027 1146 Carthaginiensibus
1050 1056 1159 1122 omnia
1183 1057 1345 1146 usquead
1360 1056 1411 1123 Li!
1437 1057 1554 1127 haeum
1572 1060 1679 1154 eripit,
1700 1062 1760 1132 scd
1776 1063 1854 1132 dnm

501 1146 838 1305 lttttttttlttt
858 1080 1570 1325 ‘lli‘ttfttttt'tttqtllthttt
1590 1150 1708 1241 ''ml''
1732 1149 1773 1216 ³‘¹
1788 1149 1854 1217 M*
1912 1225 1977 1310 aa
2042 1215 2138 1313 aar

458 1324 581 1411 Hiero,
603 1322 764 1391 Hieroclis
786 1281 884 1402 filiius,
908 1330 1037 1412 praetor
1058 1320 1230 1410 Syracusis
1253 1332 1397 1389 creatur.
1421 1368 1430 1387 .
1452 1369 1461 1387 .
1485 1369 1494 1388 .
1518 1370 1527 1390 .
1551 1283 1658 1391 ...ἶὶ
1911 1329 1977 1399 275
2044 1295 2142 1410 1962&
2168 1285 2173 1294 υ

457 1411 550 1482 Idem
571 1412 664 1480 victis
687 1408 902 1487 Mamertinis,
926 1431 943 1473 a
966 1408 1065 1498 gratis
1088 1409 1214 1477 civibus
1237 1432 1295 1477 rex
1317 1408 1476 1477 salutatur
1519 1458 1853 1497 ............
1912 1417 1979 1486 270
2042 1411 2141 1499 1224
2277 1487 2284 1494 ,

455 1500 641 1575 Mamertini
665 1523 740 1569 cum
763 1522 781 1564 a
805 1495 956 1585 Carthag.
979 1508 1014 1565 et
1035 1496 1179 1577 Hierone
1208 1495 1436 1566 obsiderentur
1458 1509 1491 1566 et
1513 1497 1570 1566 diu
1590 1499 1677 1570 inter
1698 1511 1854 1594 utrosque

501 1588 728 1668 haesitassent,
751 1585 884 1654 tandem
907 1583 1132 1653 Romanorum
1156 1584 1313 1653 auxilium
1336 1585 1512 1676 implorant
1519 1634 1853 1656 ...........
1912 1591 1978 1662 964

456 1678 593 1769 Appius,
617 1677 717 1744 Cous.
743 1673 849 1752 Rom,
872 1671 1049 1741 Hieronem
1073 1697 1197 1764 regem,
1221 1696 1299 1741 rnox
1322 1672 1474 1765 Carthag.
1495 1673 1599 1743 vincit
1615 1723 1853 1744 ........
1912 1681 1978 1748 964
2041 1683 2135 1768 129,1

455 1767 568 1846 Hiero,
591 1776 740 1833 metuens
763 1786 806 1831 ne
827 1761 1009 1866 Syracusae
1032 1772 1308 1854 oppugnarentur,
1331 1782 1449 1851 pacem
1472 1783 1546 1829 cum
1567 1786 1646 1867 pop.
1664 1762 1761 1831 Rom.
1778 1765 1854 1833 iacit
1911 1768 1977 1838 ⁸263

501 1864 535 1922 et
556 1876 598 1922 ex
621 1875 662 1936 eo
683 1863 833 1942 tempore
854 1861 941 1918 mter
962 1848 1084 1917 bellom
1100 1850 1261 1917 Punicum
1284 1849 1426 1941 primum
1450 1860 1485 1918 et
1505 1850 1596 1918 initia
1618 1852 1752 1920 secundi
1770 1849 1854 1922 banc

500 1942 692 2010 societatem
714 1937 854 2007 fideliter
876 1938 999 2017 colens,
1020 1937 1106 2008 bene
1128 1949 1162 2006 et
1184 1937 1322 2005 civiliter
1344 1948 1467 2026 regnat.

453 2029 567 2102 Primo
590 2028 677 2097 hello
699 2027 827 2096 Punico
848 2026 952 2109 finito,
976 2025 1262 2117 Carthaginienses
1283 2023 1397 2093 Sicilia
1426 2024 1518 2095 omni
1541 2026 1719 2104 excedunt,
1749 2051 1852 2120 eaque

498 2140 574 2223 pars
602 2114 923 2220 insulae-provincia
951 2113 1101 2184 Romana
1117 2113 1183 2196 nt,
1223 2135 1242 2179 a
1269 2111 1424 2206 Praetore
1453 2115 1628 2206 quotannis
1658 2114 1852 2207 Lilybaeum

499 2228 602 2275 rmsso
626 2205 847 2273 administrata
863 2245 1852 2271 ·······························
1910 2205 1976 2273 242
2040 2211 2138 2292 1343
2269 2191 2273 2200 ,

454 2296 600 2365 Hierone
623 2302 699 2385 post
720 2314 856 2402 regnum
880 2289 924 2359 bl
948 2312 1108 2358 annorum
1130 2311 1206 2357 curn
1226 2286 1370 2389 amplius
1392 2290 1570 2380 nonaginta
1592 2312 1696 2361 annos
1718 2292 1854 2361 vixisset
1986 2307 1989 2312 ’

498 2394 628 2452 mortuo
667 2417 805 2452 ······
829 2415 1852 2447 ································
1910 2382 1976 2452 216
2040 2388 2135 2470 tua

498 2470 749 2559 Hieronymus,
774 2469 846 2557 ejus
868 2485 989 2557 nepos,
1012 2487 1071 2533 rex
1092 2464 1213 2546 lactus,
1235 2461 1352 2530 foedos
1380 2484 1456 2531 com
1479 2462 1631 2554 Carthag.
1654 2476 1766 2534 contra
1788 2465 1851 2534 Ro

497 2581 612 2628 manos
635 2557 706 2638 init,
729 2555 787 2624 sed
810 2553 909 2648 paulo
926 2563 1002 2646 post
1015 2551 1187 2622 Leontinis
1209 2572 1228 2619 a
1250 2550 1430 2642 conjuratis
1443 2550 1569 2621 civibus
1592 2553 1750 2623 occiditur
1764 2565 1851 2647 post·

498 2671 597 2740 quam
623 2646 663 2713 ta
687 2665 818 2713 menses
840 2641 988 2731 regnavit
1025 2682 1851 2710 ..........................
1909 2645 1974 2716 215

452 2735 653 2808 Libertatem
675 2733 857 2800 restitutam
878 2729 1013 2798 turbant
1035 2727 1076 2794 Hi
1101 2737 1250 2819 poenales
1279 2736 1314 2796 et
1333 2725 1513 2882 Eorpicydes,
1535 2727 1794 2883 regii'praefecti
1817 2740 1851 2798 et

497 2818 691 2893 Hannibalis
715 2817 822 2899 amici,
846 2828 1043 2910 quapropter
1101 2813 1317 2896 Marcellus,
1371 2837 1442 2883 ons.
1457 2816 1555 2883 Rom.
1597 2840 1750 2906 yracnsas
1765 2829 1849 2887 terra

499 2912 644 3002 marique
667 2916 834 3001 oppugnat
856 2903 1068 3009 aequatio
1089 2902 1297 2971 Archimedis
1318 2902 1456 2992 ingenio.
1473 2913 1627 2988 servatas,
1651 2909 1737 2998 capit
1907 2908 1973 2982 ‘212
2039 2913 2130 2997 142st

397 3027 405 3038 ’
453 3000 568 3091 Itaque
591 2999 690 3066 etiam
714 2995 813 3063 altera
835 2991 968 3062 Siciliae
997 3014 1088 3084 pars,
1117 3014 1203 3082 qnae
1230 2990 1399 3081 hueusque
1427 2990 1706 3082 Syracusanorum
1735 2995 1849 3076 luerat,

496 3089 529 3156 in
553 3085 740 3180 provinciae
763 3083 901 3150 [ormam
924 3103 942 3147 a
965 3080 1062 3149 Rom.
1090 3079 1262 3184 redigitur,
1291 3079 1417 3148 diversa
1446 3078 1647 3169 singularum
1671 3083 1849 3164 civitatum,

494 3186 593 3272 prout
614 3194 764 3268 quaeque
786 3179 959 3253 meruerat,
983 3167 1177 3238 condicione
1187 3212 1849 3240 .....................
1887 3174 1973 3270 7210
