4734 5809
628 1405 633 1412 ·
802 1362 1335 1476 PRAEFATIO.

1144 1593 1151 1606 0

998 1617 1150 1634 *-

212 1797 317 1923 Etsi
340 1843 440 1919 hunc
460 1844 589 1921 librum
615 1844 665 1920 ita
690 1854 933 1948 comparatum
964 1871 1048 1922 esse
1079 1844 1255 1951 intelligo,
1287 1855 1329 1923 ut
1360 1844 1477 1938 lacile,
1510 1843 1611 1947 quod
1640 1840 1798 1919 auctoris
1825 1839 1862 1914 in
1887 1864 1935 1915 eo·

214 1958 405 2036 scribendo
436 1957 770 2048 consiliumluerit,
801 1969 987 2060 appareat,
1016 1969 1156 2051 tamen,
1185 1987 1233 2035 ne
1265 1960 1353 2062 quid
1382 1965 1541 2035 mearum
1571 1958 1724 2060 partimn
1757 1953 1934 2044 ornittam,

213 2099 353 2176 pauca,
363 2097 455 2173 quae
481 2071 526 2146 ad
551 2069 702 2147 eandem
725 2096 802 2145 rem
823 2074 1038 2201 pertineant,
1062 2072 1230 2152 videntur
1248 2099 1331 2147 esse
1347 2069 1619 2173 praemittenda
1666 2069 1718 2144 Et
1742 2067 1934 2144 eonsilium

215 2184 389 2291 quidem
398 2184 526 2260 horum
560 2181 768 2260 Annalium
800 2183 880 2259 sive
910 2182 1182 2278 chronicorum
1213 2186 1542 2283 componendorum
1580 2206 1626 2268 ex
1661 2206 1710 2255 eo
1742 2180 1831 2255 mthi
1867 2204 1932 2253 na·

169 2307 183 2324 “
212 2309 292 2374 tum
323 2305 394 2386 est,
433 2293 531 2396 quod
565 2293 761 2394 scriptores
792 2294 960 2396 antiquos
985 2273 1154 2369 studiose
1174 2293 1345 2373 evolvens
1370 2306 1408 2372 et
1432 2294 1631 2397 dispersam
1660 2318 1780 2368 rerum
1812 2303 1936 2395 gesta

212 2437 293 2487 rum
317 2408 524 2482 memoriam
549 2403 732 2507 colligens,
755 2405 863 2481 talem
877 2406 1015 2481 b'brum
1024 2431 1133 2507 saepe
1149 2405 1443 2502 desiderabam,
1432 2436 1471 2486 ιιι
1495 2435 1568 2510 quo
1587 2418 1763 2509 tempora,
1785 2405 1937 2507 quando·
2026 2475 2030 2482 .

216 2522 377 2625 quidque
403 2529 544 2622 gestum
569 2521 876 2609 esset,'aecurate
906 2529 1029 2594 notata
1058 2520 1323 2623 reperirentur,
1357 2533 1394 2599 et
1424 2524 1581 2625 ipsarum
1611 2546 1735 2596 rerum
1763 2519 1851 2596 ordo
1883 2519 1933 2595 ita

216 2635 413 2738 explicatus
440 2642 554 2724 esset,
573 2643 615 2709 ut
639 2633 754 2709 sicubi
779 2633 869 2734 qnid
892 2633 1300 2736 copiosius-enarratum
1324 2635 1513 2739 legissem,
1538 2634 1707 2710 haberem
1732 2658 1812 2733 quo·
1829 2641 1939 2708 certo

213 2749 296 2823 loco
321 2745 506 2823 relerrem..
549 2745 738 2846 Ejusmodi
762 2745 940 2849 praesidia
966 2745 1011 2821 ad
1038 2745 1225 2822 historiam
1255 2747 1462 2825 discendam
1494 2751 1648 2850 majores
1679 2746 1795 2822 nostri
1818 2744 1931 2821 multa

216 2862 427 2951 habuerunt,
453 2857 521 2937 sed
544 2857 628 2936 illos
650 2859 761 2935 libros
785 2859 951 2958 videbam
975 2860 1109 2963 partim
1130 2858 1280 2938 aliarum
1301 2889 1419 2938 rerum
1446 2859 1751 2964 quaestionibus
1742 2885 1777 2933 m
1779 2857 1939 2961 terposi-

98 2957 105 2974 ⁶
215 2975 264 3052 tis
289 2973 337 3049 ad
358 2973 544 3077 ingentem
564 2973 844 3077 magnitudinem
875 2973 1096 3065 excrevisse,
1127 2975 1276 3105 partim
1282 2985 1345 3051 aut
1375 2971 1436 3051 eas
1462 2984 1663 3078 temporum
1693 2972 1850 3048 rationes
1876 2996 1932 3047 se·

219 3091 291 3191 qui,
312 3114 403 3190 quas
421 3083 529 3163 hodie
542 3113 654 3161 nemo
666 3087 823 3189 probare
834 3097 975 3189 posset,
995 3097 1057 3163 aut
1073 3088 1219 3164 omnino
1244 3081 1370 3191 p'arunt
1394 3099 1566 3165 accurate
1585 3087 1810 3192 conscriptos
1837 3109 1929 3161 essa

218 3200 522 3306 Compendiorum
547 3226 644 3306 vero,
671 3227 763 3302 quae
789 3199 894 3276 bodie
919 3229 940 3275 a
962 3199 1069 3282 mult
1043 3211 1101 3291 ιιι,
1130 3200 1237 3275 etiam
1266 3200 1545 3292 doctissimis
1510 3203 1622 3294 orris,
1649 3202 1782 3304 scripta
1813 3198 1937 3275 ferun-1

216 3325 291 3406 tur,
330 3311 436 3414 alium
468 3302 646 3415 quendam
681 3340 786 3390 usum
823 3339 910 3389 esse·
938 3314 1196 3416 intelligebam,
1233 3342 1385 3414 quorum
1415 3325 1580 3392 auctores
1614 3342 1694 3399 oum
1725 3314 1764 3387 in
1794 3338 1937 3416 summa·

215 3427 392 3505 brevitate
354 3427 607 3506 teontinuae
624 3427 839 3504 narrationis
861 3426 932 3500 hoc
955 3426 1193 3557 potissimum
1204 3429 1277 3502 sibi
1302 3427 1478 3530 agendum
1503 3427 1745 3517 censuissent,
1766 3434 1809 3501 ut
1832 3422 1934 3526 qnod
1977 3415 2000 3454 “’

216 3539 408 3645 ingenium,
434 3540 497 3642 qui
521 3564 640 3620 mores
665 3541 845 3641 cujusque
864 3539 969 3615 aetat'
943 3550 993 3615 ιιι
1014 3539 1220 3616 haminibus
1244 3539 1393 3631 luerint,
1412 3539 1656 3638 ostenderent,
1682 3538 1726 3614 ab
1751 3537 1818 3614 hac
1841 3547 1934 3614 tem-

216 3680 344 3758 porum
370 3651 610 3744 accuratione,
642 3679 754 3755 quam
782 3653 1018 3755 quaerebam,
1045 3655 1176 3730 remoti
1206 3664 1318 3731 arant
1365 3649 1503 3756 Neque
1530 3680 1617 3730 sane
1646 3653 1717 3729 hoe
1747 3652 1817 3729 illis
1841 3651 1938 3730 vitio:

216 3767 396 3855 nemerim,
421 3767 588 3868 quoniam
612 3765 753 3854 diversa
777 3767 966 3897 uniusque
990 3766 1047 3841 rei
1068 3767 1216 3843 consilia
1242 3777 1336 3858 sunt,
1362 3793 1464 3869 quae
1479 3794 1550 3844 uua
1568 3768 1706 3844 ratione
1730 3793 1805 3842 non
1828 3751 1937 3841 lacilu

217 3906 426 3982 assequare
469 3878 543 3956 Sed
567 3889 698 3970 tamen,
724 3906 810 3954 cum
831 3881 901 3955 et
891 3907 977 3983 rpse
996 3879 1126 3958 studiis
1152 3880 1433 3958 adolescentium
1458 3876 1658 3959 consulere
1669 3881 1816 3971 vellem,
1852 3878 1931 3981 qni-
1986 3955 1988 3958 .

217 3996 285 4071 bus
316 4004 441 4069 ιιιιιοι
471 4017 620 4106 semper
645 3991 814 4085 luissem,
848 4003 892 4069 ut
921 3992 1071 4070 simulas
1100 3994 1317 4088 mediocrem
1340 3988 1503 4071 Graecae
1533 3996 1756 4098 Latinaeque
1788 3993 1937 4096 linguae·
2003 3992 2005 3996 ’
2073 4065 2075 4076 ,

218 4106 408 4185 scientiam
429 4095 692 4208 percepissent,
722 4115 881 4211 veterem
911 4105 1096 4182 historiam
1128 4107 1297 4183 continua
1321 4108 1541 4212 optimorum
1561 4119 1745 4185 ιιιιιιιιιιιιι
1775 4107 1935 4184 lectione·

105 4312 109 4318 ¹
217 4221 408 4310 discerent,
432 4218 528 4294 hunc
550 4218 680 4294 librum
704 4219 920 4323 componere
933 4244 1128 4323 aggressus
1154 4245 1246 4313 snm,
1273 4248 1346 4323 quo
1371 4215 1470 4299 duee
1487 4223 1705 4325 privatorum
1730 4219 1940 4298 ιιιιιιιοιιιιιι·

216 4339 418 4412 uterentur
461 4331 555 4408 Nam
581 4331 627 4408 ad
649 4332 817 4464 publicae
837 4333 1074 4411 institutionis
1099 4360 1215 4426 usum,
1241 4335 1476 4444 schplasticae
1493 4335 1637 4439 quidem
1664 4346 1771 4426 certe,
1795 4333 1853 4411 vel
1878 4333 1937 4408 di·-

218 4445 326 4522 aridia
349 4470 434 4548 pars
458 4443 565 4545 hujus
590 4446 722 4548 copiae
740 4447 954 4539 suffecisset,
980 4475 1061 4524 eum
1087 4447 1154 4523 alia
1181 4433 1317 4540 multa,
1326 4475 1419 4550 quae
1444 4450 1694 4551 magistrorum
1719 4447 1936 4608 disputatio-
1969 4468 1975 4480 ’

217 4561 325 4637 nibus
348 4554 583 4660 relinquenda
602 4561 781 4661 putabam,
806 4561 965 4660 adjicere
983 4561 1194 4637 noluissem.

292 4672 362 4748 Hie
374 4696 448 4774 non
444 4671 754 4805 commemorabp,
769 4684 941 4776 quantum
956 4673 1112 4750 laborem
1123 4674 1360 4767 exhauserim,
1371 4686 1533 4754 veterum
1545 4683 1727 4753 auctorum
1740 4674 1933 4752 lectionem

218 4769 387 4889 repetens
399 4793 438 4860 et
452 4810 496 4858 cx
507 4785 596 4887 ipsis
608 4785 681 4862 hist
665 4787 778 4863 toriae
791 4788 959 4880 lontibus,
973 4815 1208 4892 quaeeunque
1222 4816 1303 4867 usur
1293 4784 1533 4880 viderentur,
1558 4789 1751 4894 colligens.
1770 4813 1852 4866 nam
1869 4788 1934 4865 ille

198 4987 203 4994 .
218 4900 318 4978 labor
331 4902 457 5002 etipsa
469 4923 589 4976 rarum
602 4899 777 4976 suavitate
790 4905 1103 5004 compensabatur,
1111 4914 1150 4981 et
1161 4905 1302 4981 abunde
1313 4931 1370 4981 me
1383 4906 1462 5006 eins
1473 4904 1624 4980 fructum
1639 4906 1846 5007 percepisse
1857 4903 1931 4977 exi
