4734 5809
852 427 1313 585 “rara--¹

447 824 448 829 ¹
501 759 581 831 pore
602 734 673 828 ipse
694 724 865 843 princeps,
896 739 1019 833 gloriae
1043 759 1081 807 ac
1101 734 1449 829 bellandi'cupiditate
1478 736 1612 821 ductus,
1642 738 1723 809 adu.
1747 738 1905 810 Parthos
1953 791 1960 795 ·

499 824 679 918 profectus
700 829 829 918 rmpen'i
851 826 934 895 lines
956 836 1123 920 propagat

604 913 781 997 Cosrbois,
804 916 889 1005 regis
912 914 1124 997 Parthorum,
1146 912 1244 981 irater
1265 908 1516 1005 Parthamasiris
1539 913 1693 982 Arm'euia
1717 939 1757 983 ex
1784 913 1904 1001 ellitur,

504 1024 607 1092 eaque
635 1003 670 1070 in
698 1003 883 1095 provinciae
912 1003 1008 1071 llum.
1035 1001 1173 1070 formam
1200 1001 1366 1091 redigitur.
1419 1002 1584 1090 Abgarus,
1617 1027 1677 1070 rex
1705 939 1905 1085 osdroena,

471 1156 476 1164 ,
503 1089 693 1179 Imperatori
714 1116 751 1160 se
780 1091 958 1171 submittit,
982 1101 1089 1159 cetera
1111 1090 1366 1182 Mesopotamia,
1394 1087 1504 1158 Nisibi
1525 1096 1563 1157 ac
1586 1089 1742 1179 Sangaris
1767 1092 1905 1161 urbibus
2009 1098 2012 1109 '

503 1177 536 1247 ri
559 1180 678 1270 captis,
701 1177 735 1246 iu
758 1190 954 1272 potestatem
977 1179 1147 1268 redigitur,
1172 1176 1362 1246 Parthicus
1384 1200 1404 1244 a
1426 1176 1605 1259 militibus,
1637 1178 1792 1268 Optimus
1815 1202 1833 1245 a
1856 1203 1904 1248 se·

503 1276 584 1333 natu
606 1267 758 1336 sollemni
781 1270 977 1358 cognomine
998 1268 1159 1356 'l'rajanus
1182 1289 1223 1358 ap
1250 1264 1376 1333 ellatur.
1519 1282 1521 1287 ·
1548 1320 1551 1327 ,
1604 1302 1608 1311 ·
1896 1274 1901 1279 “

461 1352 555 1421 Coss·
579 1353 616 1420 1..
647 1354 825 1445 Vipstanus
852 1355 1023 1437 Messalla,
1049 1355 1093 1421 ht
1121 1353 1212 1422 Pedo
1225 1291 1451 1446 hergilianus.
1522 1351 1613 1420 Dum
1634 1352 1830 1421 Antiochiae
1857 1354 1905 1422 bi·

505 1442 619 1510 bernat
640 1443 799 1548 'l'rajanus
821 1445 933 1527 (unde
951 1443 1137 1534 Ignatium,
1162 1442 1352 1535 episcopum
1373 1441 1606 1525 Christianum,
1629 1442 1783 1533 supplicii
1806 1465 1904 1511 causa

504 1529 646 1598 Romam
665 1533 806 1617 mittit),
839 1531 956 1621 ingens
977 1543 1082 1600 terrae
1105 1541 1215 1599 motus
1238 1542 1272 1599 et
1302 1554 1376 1599 eam
1406 1531 1521 1598 urbem
1549 1542 1581 1597 et
1609 1540 1752 1596 ceteram
1773 1529 1906 1620 Syriam

505 1618 630 1707 attigit.
675 1619 762 1687 Vere
784 1620 823 1685 'l'i
863 1619 924 1701 im,
952 1630 1054 1713 ponte
1084 1618 1187 1699 lacto,
1221 1619 1358 1724 trajicit,
1393 1629 1427 1686 ct
1449 1617 1616 1709 Assyriam
1644 1618 1678 1694 in
1732 1627 1905 1687 otestatem

504 1707 631 1796 redigit.
675 1707 755 1774 lude
782 1642 968 1776 seiiuciam
995 1732 1098 1798 usque
1126 1717 1161 1775 et
1190 1706 1455 1797 Ctesiphonterrr,
1484 1706 1609 1795 regiam
1632 1643 1825 1774 Parthorum
1855 1732 1906 1775 ur·

505 1794 591 1873 bem,
614 1795 831 1898 progreditur,
854 1795 1004 1864 hostibus
1026 1795 1273 1877 intestinorum,
1301 1805 1340 1862 ut
1360 1795 1504 1875 videtur,
1535 1793 1695 1862 bellorum
1723 1817 1820 1861 causa
1850 1819 1906 1887 pu·

505 1906 588 1973 gnae
611 1905 738 1974 capram
762 1907 830 1949 non
846 1884 1050 1952 facientibus.
1094 1883 1211 1951 Judaei
1226 1883 1357 1951 interim
1375 1881 1547 1974 Cyrenaici
1565 1892 1599 1949 et
1611 1882 1801 1973 Aegyptiaci
1816 1905 1906 1951 arma

505 1970 647 2061 capiunt,
670 1994 718 2052 ac,
742 1956 824 2037 duce
847 1973 976 2039 Andrea
999 1982 1055 2039 aut
1076 1970 1177 2054 Luca,
1201 1971 1327 2039 saevire
1349 1978 1539 2084 coeperunt,
1563 1990 1642 2037 mox
1663 1970 1822 2060 oppressi.

462 2056 556 2124 Coss.
585 2059 746 2125 Aemilius
768 2059 935 2140 Aelianus,
958 2057 997 2126 L.
1020 2058 1181 2127 Antistius
1205 2057 1346 2145 Vetus.)
1395 2057 1556 2149 'lrajanus
1579 2058 1715 2125 navibus
1738 2058 1829 2149 'tigri
1852 2059 1906 2128 dc·

507 2145 611 2210 ductis
635 2144 804 2215 Oceanum
834 2145 996 2237 explorat,
1029 2148 1088 2216 sed
1116 2144 1296 2216 rebellione
1324 2147 1472 2236 gentium
1501 2143 1702 2213 devictarum
1731 2157 1908 2214 revocatur.

505 2230 691 2299 Domantur
712 2232 893 2323 legatorum
915 2237 1048 2303 virtute:
1079 2233 1200 2302 Lusius
1222 2234 1363 2303 Nisibim
1392 2244 1425 2302 ct
1450 2230 1627 2315 Edessam,
1656 2232 1804 2301 Erucius
1828 2235 1907 2302 cta.

505 2342 565 2388 rus
592 2332 626 2388 et
646 2320 761 2387 Julius
782 2321 987 2390 Alexander
1007 2320 1196 2392 Seleuciam
1225 2325 1357 2415 capiunt
1386 2333 1419 2390 et
1447 2321 1633 2389 incendunt.
1678 2322 1754 2414 lpse
1781 2318 1907 2391 Parthis

505 2432 615 2498 regem
644 2409 700 2475 dat
727 2408 998 2503 Parthamaspcu,
1035 2412 1095 2480 sed
1122 2421 1256 2503 gentem
1283 2409 1464 2503 inquietam
1499 2406 1540 2475 ad
1574 2420 1699 2478 certum
1733 2411 1909 2502 imperium

505 2498 715 2567 transducere
737 2500 862 2614 nepuit.
1557 2522 1560 2529 “

195 2585 264 2654 117
283 2579 349 2650 870
378 2581 423 2652 70
464 2583 558 2653 Coss.
580 2586 753 2671 Quinctius
766 2586 876 2676 Niger,
900 2585 1079 2679 Vipstanus
1092 2585 1333 2678 Apronianus.)
1376 2582 1423 2652 lta
1450 2606 1491 2652 ue
1514 2604 1589 2651 cum
1612 2583 1909 2677 inappugnatione

507 2672 628 2742 Hatrae
650 2673 739 2740 urbis
762 2675 797 2740 in
820 2676 970 2741 morbum
993 2674 1177 2756 incidisset,
1201 2672 1402 2742 Hadrianum
1424 2609 1540 2763 Syriae
1569 2680 1603 2738 et
1632 2673 1789 2742 exercitui
1818 2698 1908 2765 prae·

367 2810 373 2819 .
453 2776 457 2789 ““
507 2760 590 2828 licite
619 2762 690 2853 ipse
713 2761 851 2827 Romam
875 2762 980 2829 redire
1002 2784 1181 2853 properans
1204 2759 1377 2829 Selinunte
1406 2760 1475 2847 sive
1497 2760 1708 2852 'l'rajanopuli
1736 2762 1771 2827 in
1793 2762 1907 2830 Cilicia

339 2922 343 2941 ³
414 2924 417 2927 ¹
507 2848 647 2923 decedit
691 2847 997 2919 HADRIANUS
1020 2850 1198 2941 imperium
1226 2849 1369 2940 capessit
1389 2844 1583 2915 Antiochiae
1611 2849 1703 2916 3111.
1731 2851 1909 2939 Augustas,

402 2944 404 2949 '
436 3010 438 3019 ,
509 2936 670 3004 incertum
693 2934 808 3003 'utrum
838 2939 878 3002 ab
906 2932 1267 3029 aegrotante'principe
1296 2934 1486 3027 adoptatus,
1516 2956 1574 3015 an,
1608 2956 1649 3003 ea
1677 2939 1745 3028 jam
1767 2949 1911 3017 mortuo,

487 3023 595 3092 rhetis
623 3048 641 3090 a
666 3023 794 3091 Plotina
822 3024 941 3093 litteris
969 3025 1154 3115 adoptionis
1183 3028 1224 3091 ad
1254 3024 1496 3091 successionem
1518 3032 1664 3090 vocatus.
1709 3023 1805 3093 Pacis
1833 3028 1911 3094 reti·
2036 3056 2041 3065 =

510 3112 638 3184 neodac
661 3112 808 3202 cupidus,
830 3135 906 3180 cum
929 3112 1051 3181 multae
1072 3123 1189 3203 gentes
1210 3111 1434 3192 turbarentur,
1456 3111 1633 3203 provinciis
1656 3121 1743 3179 trans
1765 3111 1910 3206 Euphra·

509 3209 578 3269 tem
601 3199 757 3267 decedere
779 3199 872 3291 jubet
893 3201 1063 3280 exercitus,
1088 3202 1186 3268 ctiam
1209 3198 1374 3267 Armeniis
1396 3220 1493 3267 suurn
1514 3222 1549 3266 re
1572 3222 1626 3265 em
1648 3199 1810 3268 concedit.

201 3290 268 3359 118
286 3285 349 3355 871
403 3287 425 3356 2
465 3287 606 3355 Romam
628 3311 776 3356 reversus
800 3288 1002 3356 consulatum
1027 3286 1163 3357 alterum
1185 3287 1258 3369 init,
1281 3286 1406 3377 collega
1429 3285 1536 3353 Fusco
1550 3218 1746 3369 Salinatore,
1769 3289 1911 3358 senatui·

509 3401 575 3468 que
597 3400 634 3444 se
656 3377 793 3467 probare
816 3377 934 3444 studet.
978 3374 1058 3444 lllox
1079 3378 1115 3443 in
1136 3374 1298 3445 Moesiam
1325 3374 1555 3467 proficiscitur,
1578 3398 1597 3440 a
1620 3373 1779 3444 Sarmatis
1802 3376 1910 3445 Roxo-
2026 3440 2029 3445 .

509 3465 659 3556 lanisque
681 3467 851 3535 turbatam.
896 3464 963 3533 Sed
986 3462 1211 3555 conjuratione
1239 3463 1366 3556 Nigrini
1396 3475 1599 3542 commotus,
1627 3462 1769 3531 Daciam
1791 3465 1911 3534 Martio

510 3553 657 3620 Turboni
679 3554 848 3645 permittit,
870 3553 942 3644 ipse
964 3566 1093 3646 practer
1115 3551 1285 3641 Nigrinum
1310 3552 1409 3619 etiam
1430 3550 1569 3618 Lusium
1592 3551 1765 3636 Quietum,
1790 3551 1911 3625 Corne·

510 3642 591 3708 lium
615 3639 773 3720 Palmam,
796 3640 974 3708 Publilium
996 3638 1142 3722 Celsum,
1167 3636 1366 3709 Consulares
1388 3660 1520 3721 omnes,
1543 3638 1785 3710 interficiendos
1808 3650 1911 3727 curat,

509 3741 636 3797 veteres
659 3753 737 3799 suos
760 3730 846 3821 apud
869 3729 1047 3820 Trajanum
1070 3729 1313 3797 detrectatores.
1374 3746 1380 3752 “
1517 3740 1521 3746 ’
1598 3780 1602 3797 .

203 3822 352 3898 119871
404 3819 426 3888 3
466 3817 651 3886 Hadrianus
670 3818 717 3885 ΙΙΙ
741 3816 817 3885 Cos·
840 3840 916 3886 cum
939 3819 980 3903 Q.
1001 3816 1102 3886 Junio
1124 3818 1261 3885 Rustico
1284 3813 1440 3883 invidiam
1463 3813 1593 3884 illarum
1617 3815 1766 3885 caedium
1789 3816 1910 3886 eximia

510 3906 704 3974 liberalitate
727 3918 761 3974 et
782 3907 826 3971 im
853 3906 910 3974 crii
941 3907 1104 3996 aequitate
1133 3905 1242 3974 delere
1268 3904 1411 3973 maxime
1442 3903 1569 3983 studet,
1597 3903 1698 3971 horno
1720 3904 1829 3974 rarius
1851 3929 1914 3997 per

509 4005 614 4062 totam
636 3995 755 4077 vitam,
784 3931 851 4061 sed
865 3993 921 4086 qui
944 4004 1080 4065 naturae
1102 3995 1181 4061 vitia
1203 4003 1337 4086 propter
1359 3992 1570 4084 cupiditatem
1599 3991 1722 4072 laudis,
1751 4003 1911 4084 quantum

511 4083 581 4151 lieri
602 4083 719 4175 potuit,
743 4083 916 4151 emendare
939 4093 972 4149 et
994 4082 1194 4151 abscondere
1217 4082 1389 4149 niteretur:
1413 4078 1591 4147 amicarum
1615 4080 1910 4171 comparandorum

512 4171 782 4254 studiosissimus,
802 4172 862 4239 sed
883 4170 971 4237 idem
995 4182 1028 4238 et
1049 4170 1123 4238 aliis
1145 4181 1179 4239 et
1200 4169 1263 4238 sibi
1287 4166 1457 4250 molestus,
1480 4167 1559 4233 dum
1582 4168 1735 4236 omnibus
1756 4168 1790 4234 in
1813 4170 1912 4239 rebus

513 4284 599 4329 unus
622 4257 781 4328 excellere
807 4256 909 4327 volt
933 4255 1064 4333 Italia,
1086 4257 1122 4323 iu
1152 4270 1308 4350 quattuor
1333 4255 1483 4345 regiones
1512 4254 1631 4334 divisa,
1653 4255 1913 4333 consularibus

513 4350 665 4439 regenda
687 4347 857 4415 truditur.-
879 4344 985 4435 cilicia
1008 4347 1150 4438 palatina
1174 4358 1207 4415 et
1229 4345 1381 4413 militaria
1405 4352 1439 4412 et
1460 4343 1569 4411 civilia
1592 4343 1634 4409 ad
1657 4354 1775 4421 novam
1791 4346 1913 4413 formu·

435 4492 437 4499 .
514 4438 581 4503 lam
609 4436 839 4515 instituuntur,
875 4459 938 4527 qua
966 4458 1072 4527 usque
1108 4434 1149 4501 ad
1184 4432 1436 4502 Constantinum
1469 4430 1514 4498 hl.
1548 4442 1727 4500 servantur.
1778 4432 1913 4502 Martius

513 4525 624 4594 'lbrho
657 4539 758 4619 praet.
787 4524 974 4593 cohortibus
1006 4522 1043 4590 in
1072 4523 1183 4590 locum
1209 4520 1350 4604 Attiani,
1391 4512 1558 4611 quondam
1596 4520 1713 4589 tutoris
1744 4518 1912 4611 Hadriani,

466 4674 469 4680 .
513 4615 706 4705 praeficitur.
757 4612 977 4704 Epistularum
1010 4612 1165 4704 magister
1198 4608 1317 4680 eodem
1348 4607 1452 4676 ferme
1484 4618 1645 4702 tempore,
1668 4608 1707 4676 C.
1734 4606 1914 4677 Suetonius
1986 4680 1992 4689 ,

521 4701 743 4794 Tranquillus
764 4703 865 4772 luisse
887 4700 1033 4773 traditur.
1419 4714 1422 4725 '

209 4800 274 4873 120
291 4796 357 4866 873
410 4793 443 4862 l'
472 4790 565 4860 Coss.
589 4789 626 4857 L.
650 4790 788 4861 Catilius
809 4792 967 4869 Severus,
994 4789 1035 4857 Τ.
1064 4786 1217 4858 Aurelius
1244 4784 1380 4855 Fulvius
1407 4782 1599 4875 Boionius.)
1617 4850 1621 4861 ,
1642 4782 1826 4854 Hadrianus
1851 4784 1915 4854 iter

515 4878 597 4946 illud
620 4879 862 4948 nobilissimum
884 4878 1035 4960 instituit,
1057 4901 1136 4971 quo,
1159 4875 1293 4945 militari
1315 4896 1406 4942 more
1428 4871 1622 4964 habituque,
1646 4894 1762 4941 omnes
1784 4873 1914 4964 imperii

298 4984 310 5003 ,ι
383 5000 387 5011 ,
461 4984 465 5001 ·
483 4994 498 5009 ..
516 4968 700 5062 Provincias
728 4980 885 5059 peragrat.
913 4967 1080 5036 ‘Galliam
1108 4965 1385 5055 Germaniamque
1413 4962 1535 5118 prilrpas
1562 4962 1696 5047 lustrat3
1730 4970 1916 5030 aeteruum
