4734 5809
1073 489 1196 554 .-·.·'·
1254 453 1318 555 dl
1372 473 1468 530 ‘·-
1553 513 1554 516 ¹
1788 562 1796 570 ,
2072 591 2075 599 Δ

1868 631 1891 671 a.
1902 606 1969 672 Chr.
2015 607 2125 688 olymp.

429 700 692 802 Ptolemaeus‘i
713 697 825 788 suta,
846 701 996 774 infensos
1017 699 1224 796 majori'hiio
1246 700 1448 772 Poturae
1471 698 1638 780 Carataco,
1659 699 1718 792 qni
1740 699 1826 858 apud

467 791 710 887 Lysimachum
732 792 895 882 refugium
915 791 1090 882 quaesivit,
1110 791 1202 880 regni
1217 802 1369 859 consorte
1391 800 1425 858 et
1438 788 1558 856 herede
1580 788 1731 858 instituto
1779 803 1826 857 to
1883 789 1950 856 285

472 883 604 952 omaso
627 878 875 970 Philadelpho,
897 902 958 946 suo
981 891 1015 947 et
1036 878 1212 947 Berenices
1234 878 1315 959 titio,
1339 877 1541 945 moriundi
1564 899 1722 945 annorum
1751 927 1761 945 .
1784 895 1793 944 ;
1816 927 1825 945 .
1884 876 1950 945 983
2014 877 2113 961 tatu

428 969 656 1062 marmarica
677 969 719 1037 ab
741 990 843 1036 uxore
865 965 1006 1035 Arsinoe
1027 966 1184 1059 deceptus
1206 965 1420 1057 Agathoclem
1449 964 1552 1032 hlium
1581 988 1679 1032 suum
1707 966 1826 1035 interh-

476 1058 629 1127 eieudum
653 1066 745 1125 curat
766 1103 776 1123 .
799 1103 809 1124 .
832 1104 841 1122 .
863 1083 906 1123 η
929 1101 1824 1123 ............................
1883 1052 1949 1121 283
2014 1053 2112 1137 tutu

429 1145 532 1216 Fiunt
551 1167 626 1214 eam
648 1144 691 1213 ob
715 1166 847 1212 causam
869 1141 966 1246 fugae
989 1153 1023 1210 et
1042 1142 1244 1210 defectiones
1290 1141 1369 1210 rinei
1394 1165 1451 1210 um
1473 1140 1575 1236 regni.
2029 1185 2031 1190 s

429 1234 589 1305 Seleucus
607 1254 713 1326 paene
735 1242 962 1323 octogenarius
985 1240 1097 1306 contra
1119 1228 1252 1324 Lysima
1296 1254 1353 1298 um
1372 1167 1504 1318 heitom
1534 1239 1660 1316 moret,
1693 1252 1770 1297 eum
1792 1228 1826 1296 iu
2136 1259 2142 1268 ·

454 1320 613 1413 'Phrygia
636 1319 793 1389 vincit-et
814 1318 935 1386 occidit
955 1364 1585 1388 ....................
1599 1323 1618 1385 “.
1642 1364 1651 1384 .
1675 1367 1684 1385 .
1708 1367 1718 1385 .
1740 1318 1827 1388 med.
1884 1315 1948 1386 ast
2015 1319 2114 1404 ΝΜ

375 1457 377 1462 ·
428 1408 565 1566 Septem
589 1409 756 1513 mensibus
778 1416 854 1563 post
875 1406 980 1474 vietor
1001 1406 1160 1476 Seleucus
1182 1407 1217 1474 in
1235 1405 1463 1510 Macedoniam
1493 1404 1701 1498 proficiscens
1724 1428 1828 1499 prope
1917 1442 1926 1454 ·

428 1495 781 1664 Astttttltt'm
804 1493 1499 1674 tthtttlttttttttttttlttn
1517 1541 1739 1649 uiolentia}
1752 1541 1827 1649 'nai
1886 1491 1953 1562 ²⁸⁰
2017 1493 2115 1578 uu

473 1671 644 1741 cedoniam
666 1683 701 1742 et
719 1670 895 1738 Thraciam
916 1681 1018 1739 tanet.
1063 1670 1230 1763 (Pyrrhus
1252 1670 1387 1763 Epirota
1411 1668 1528 1737 eodem
1550 1680 1698 1762 tompore
1720 1669 1753 1735 io
1767 1670 1828 1736 ita·

471 1758 550 1828 liam
573 1758 723 1850 trajicit.)
768 1758 892 1827 Gentes
924 1769 960 1828 et
986 1758 1135 1828 civitates
1156 1759 1256 1827 Asiae
1287 1757 1423 1828 minoris
1449 1759 1555 1849 magis
1581 1757 1750 1849 magisque
1776 1757 1828 1826 sui

429 1846 667 2020 Pdllrdtsohidhlld,
684 1932 871 2027 Lysimachi
895 1933 1079 2028 praefectus
1100 1933 1264 2025 Pergami,
1287 1931 1383 2023 regni-
1400 1932 1596 2023 Pergameni
1616 1930 1827 2001 laudamento

473 2025 560 2117 jacit.

430 2112 593 2200 Quattuor
615 2109 712 2178 urbes
733 2106 958 2190 Achaeorum,
983 2108 1100 2201 Dyme,
1125 2108 1252 2189 Patrae,
1269 2107 1412 2184 Tritaea,
1435 2099 1570 2192 Pherae,
1586 2131 1662 2175 mox
1677 2107 1827 2199 Aegium,

473 2199 572 2281 Bura,
596 2198 769 2280 Ceraunia,
794 2198 986 2282 Leontium,
1011 2201 1148 2288 Aegira,
1170 2197 1306 2266 Pellene
1335 2208 1479 2265 veterem
1502 2197 1707 2264 Achaeorum
1729 2197 1829 2264 socic-

472 2298 576 2355 tatem
598 2288 774 2353 restituunt
795 2284 1046 2353 eteousumant
1068 2331 1829 2356 ........................
1886 2280 1953 2352 280
2016 2285 2113 2371 124,AE
2261 2315 2266 2323 ·

429 2374 652 2444 Ptolemaeus
675 2374 851 2443 Carmanos
873 2375 895 2442 9
919 2372 1088 2440 mensibus
1110 2383 1188 2463 post
1208 2371 1341 2439 Seleuci
1364 2394 1479 2440 necem
1508 2394 1528 2439 a
1553 2370 1683 2452 Gallis,
1711 2371 1828 2461 Belgio

472 2464 556 2532 duee
579 2462 613 2530 in
637 2484 692 2531 eas
716 2470 820 2529 terras
843 2458 1108 2551 irrumpentibus,
1130 2459 1270 2527 vincitur
1293 2471 1327 2527 et
1349 2459 1508 2527 occiditur
1529 2507 1827 2528 ..........
1884 2457 1952 2527 280
2016 2465 2111 2548 125st

356 2621 368 2635 .
430 2551 622 2641 Meleager,
643 2546 824 2617 Ptolemaei
847 2547 957 2630 irater,
979 2548 1177 2638 Antipater,
1200 2545 1374 2616 Cassandri
1396 2546 1500 2625 filius,
1523 2570 1631 2615 rerum
1654 2557 1740 2616 statu
1762 2571 1828 2615 ms·

475 2640 578 2796 rpipsn'eh
593 2636 800 2794 Pmu'b‘ffi!
878 2637 1025 2790 'hami
1048 2646 1183 2792 lt'enppus
1217 2636 1375 2791 pigpitate
1408 2637 1497 2724 regia
1530 2635 1690 2705 fruuntur.
1740 2635 1827 2703 Tum

458 2771 463 2782 ·
579 2747 818 2807 meunorrs
871 2748 983 2805 aceo,
1030 2750 1084 2792 or
1130 2747 1337 2828 uxoergror.
1388 2791 1393 2798 ,

321 2875 327 2886 ,
432 2814 525 2884 Atius
548 2814 720 2882 Gallorum
742 2814 905 2881 exercitus
926 2813 960 2882 in
985 2814 1157 2881 Graeciam
1178 2823 1284 2893 urunt,
1306 2813 1449 2888 Graecae
1477 2809 1625 2879 civitates
1646 2812 1828 2902 confirmetis

406 2979 410 2986 ,
474 2902 582 2994 copiis
610 2900 849 3005 Thermopy-les
882 2900 1081 3054 aiitpuanrdiu
1108 2899 1305 3003 detendunt,
1339 2901 1398 2969 sed
1427 2901 1577 2968 Brennus
1604 2924 1679 3008 curu
1710 2923 1827 2989 magna
2083 2985 2089 2994 ἱ
2127 2981 2133 2986 ἡ
2179 2951 2182 2958 .

351 3071 353 3076 <
430 2987 1506 3168 aremareautemeam,mn
1525 3035 1826 3168 ,samsai
1885 2986 1951 3056 2⁷⁹
2016 2987 2112 3073 ¹2⁵³

475 3167 582 3235 edituo
604 3162 803 3232 Corinthum
821 3175 855 3232 ct
873 3164 1097 3262 ,Peloponnesi
1121 3175 1245 3256 partem
1268 3175 1428 3241 tenuerat,
1451 3163 1663 3233 Macedoniae
1683 3164 1826 3233 restit.
1884 3163 1952 3233 978
2014 3165 2114 3248 125,3

432 3252 707 3326 Galloruaraiiae
729 3254 853 3332 turbae,
877 3253 1049 3321 'ilrraeiam
1069 3255 1159 3410 depp
1183 3252 1309 3337 ntuae,
1336 3254 1371 3320 in
1394 3252 1507 3320 Asiam
1533 3252 1715 3343 trajiciunt,
1745 3276 1827 3321 mer·
1884 3253 1950 3322 279
2014 3253 2112 3334 1253

343 3413 346 3420 Δ
474 3345 554 3413 cede
577 3340 729 3410 conctneti
753 3364 770 3407 a
794 3340 989 3412 Mcomerle,
1013 3364 1090 3432 rege
1190 3340 1487 3433 yniaesdimicant,
1508 3351 1611 3409 totam
1635 3340 1746 3410 Asiam
1770 3340 1828 3409 mi·

474 3455 589 3503 uorem
625 3429 722 3498 hellis
755 3452 795 3497 ac
828 3430 1061 3498 vastationibus
1090 3431 1276 3504 misoentes.
1323 3428 1504 3498 Galatiam
1539 3431 1609 3497 sive
1643 3428 1827 3519 Gallograe·

475 3521 559 3591 ciam
582 3518 748 3612 propriam
771 3517 883 3586 sedem
906 3525 1068 3611 occuparat
1096 3562 1236 3589 .....
1244 3575 1249 3608 ·.
1260 3564 1728 3587 ...............
1747 3531 1761 3586 ·.
1784 3566 1827 3586 ..
1884 3519 1951 3588 275
2016 3519 2112 3603 teau

431 3696 612 3797 Hucusque
634 3692 756 3764 vadam
778 3692 908 3785 imperii
930 3690 1134 3763 Macedonici
1157 3679 1321 3762 fortuhanr
1344 3701 1379 3761 et
1399 3692 1626 3763 contentiones
1647 3692 1832 3786 principum
1858 3716 1925 3761 uno
1948 3706 2063 3764 tenore
2086 3720 2139 3766 ex-

498 3783 661 3862 iieurmus,
684 3804 760 3850 eum
782 3780 897 3856 incerti
915 3806 1021 3872 rerum
1040 3792 1178 3853 eventus
1201 3785 1235 3850 eh
1249 3781 1385 3874 repetita
1409 3780 1492 3850 heila
1508 3803 1672 3872 nusquam
1694 3804 1754 3850 nos
1770 3781 1920 3851 insistere
1943 3785 2139 3876 paterentur.

474 3808 746 3952 honoremus,
772 3892 850 3938 eum
871 3881 910 3939 et
927 3870 1086 3940 Selmena
1113 3870 1304 3940 interfectus
1331 3880 1366 3939 et
1389 3869 1464 3938 huti
1488 3891 1588 3950 onus,
1620 3869 1781 3938 Demetrii
1803 3869 1913 3955 tilius,
1930 3872 2140 3943 hlacedouiae

476 3981 616 4050 regnum
637 3958 698 4027 ade
722 3968 776 4026 tas
798 3968 858 4040 est,
881 3959 948 4026 tria·
966 3960 1191 4050 potentissima
1215 3965 1325 4049 regna,
1347 3958 1453 4026 Mace
1476 3956 1609 4042 oniam,
1631 3957 1792 4049 Syriam,
1813 3958 2023 4059 Aegyptam,
2045 3959 2141 4032 facile

476 4049 652 4118 discernas.
696 3982 814 4138 hicque
836 4069 913 4115 vero
935 4045 1070 4115 historia
1092 4043 1269 4116 liberarum
1290 4047 1325 4115 iu
1342 4046 1476 4116 Graecia
1492 4046 1659 4116 civitatum
1683 4047 1908 4120 aMacedodia
1929 4050 2139 4142 disjungenda

475 4147 545 4218 est,
579 4158 655 4203 curu
684 4135 809 4205 eadem·
823 4135 970 4227 utrisque
990 4135 1057 4204 iata
1079 4135 1217 4217 fuerint,
1252 4146 1285 4205 et
1306 4134 1523 4230 Macedonum
1548 4158 1644 4226 reges
1671 4135 1739 4205 iere
1765 4159 1897 4227 semper
1921 4138 2162 4231 principatum,

420 4289 425 4296 .
478 4224 634 4296 Graeciae
655 4225 824 4293 servarint
869 4224 963 4309 Quae
985 4236 1152 4317 praeterea
1173 4246 1272 4316 regna
1290 4224 1338 4292 iu
1354 4225 1438 4293 'Asia
1466 4224 1592 4294 minore
1623 4223 1813 4306 extiterunt,
1844 4223 2033 4313 Bithyniae,
2067 4225 2138 4295 Per-

477 4312 575 4404 gami,
598 4311 836 4404 Cappadociae,
859 4312 969 4394 Ponti,
992 4311 1178 4397 Armeniae,
1202 4336 1240 4381 ea
1262 4311 1318 4380 rix
1339 4336 1399 4405 per
1419 4336 1456 4383 se
1479 4313 1576 4404 digna
1598 4312 1807 4393 videbantur,
1837 4336 1921 4404 qnae
1945 4312 1996 4380 his
2019 4315 2140 4384 tabuiis

475 4411 734 4481 recenserentur,
758 4424 867 4493 neque
889 4424 1003 4470 eorum
1025 4402 1183 4471 memoria
1206 4410 1332 4469 serrata
1355 4411 1422 4481 est,
1442 4400 1509 4471 uisi
1529 4423 1591 4493 per
1612 4403 1889 4492 opportunitatem
1913 4401 2073 4472 beliorum
2097 4403 2138 4470 ah

476 4489 549 4559 aliis
571 4487 703 4582 populis
724 4500 906 4645 gestorum,
933 4490 1053 4583 quibus
1074 4490 1182 4559 media
1209 4488 1379 4580 interiecta
1407 4500 1509 4558 eraut.
1554 4486 1787 4557 Verumtamen
1815 4512 1929 4577 regum
1956 4490 2160 4580 Pergame'

412 4587 414 4592 ’
476 4601 594 4646 uorum
623 4601 684 4669 per
717 4577 849 4671 siquod
875 4588 1006 4668 tempus
1034 4578 1220 4647 florentium
1250 4586 1284 4646 et
1304 4577 1534 4668 Bithynorum
1560 4576 1675 4645 breves
1703 4576 1837 4647 annates
1867 4580 2138 4668 adjecimus,.ne

476 4666 555 4760 quid
578 4666 719 4753 deesset,
742 4666 836 4760 quod·
853 4665 899 4734 ad·
914 4665 1085 4736 historiam
1106 4665 1331 4736 Romanorum
1355 4664 1473 4738 melius
1495 4664 1744 4758 intelligendam
1766 4669 1950 4759 pertineret.
