4734 5809
91 620 95 623 ·
218 603 428 668 sciram.

243 695 308 765 199
360 697 427 765 555
468 653 828 763 cosummatus
848 690 1030 775 Lentulus,
1061 691 1107 761 Ρ.
1133 688 1265 761 Villius
1291 689 1503 784 Tappulus.)
1547 690 1585 760 P.
1611 688 1788 785 Sulpicius,
1809 693 1927 785 prioris
2047 680 2050 685 ’

896 446 1259 542 ...79⁵-

512 805 542 849 a.
561 779 650 850 cos.
666 782 709 849 ad
735 781 819 850 fines
840 780 1052 850 Macedoniae
1073 780 1110 849 in
1132 779 1347 865 Dessaretiis,
1380 780 1544 863 Eordaea,
1577 780 1776 850 anestidc
1799 781 1925 849 levibus

511 870 741 938 certaminibus
757 892 834 937 eum
848 867 1002 961 Philippo
1023 879 1157 971 pugnat,
1181 868 1308 959 aliquot
1330 869 1449 959 oppida
1471 868 1569 962 capit,
1593 804 1698 953 classe
1713 869 1751 937 1.
1771 869 1927 963 Apustius

511 979 588 1025 curn
611 957 720 1028 Attalo
743 979 820 1046 rege
842 966 876 1026 et
890 955 1028 1026 Rhodiis
1051 980 1149 1024 matrs
1171 956 1346 1048 imperium
1361 957 1519 1027 obtinent.
1563 957 1602 1025 P.
1618 955 1738 1026 Villius
1754 956 1832 1026 Cos.
1848 980 1925 1025 cum

509 1067 586 1199 5515
608 1045 867 1201 15Γ51555551555
887 1043 1041 1200 55555551,
1065 1042 1228 1200 05555555
1249 1045 1450 1202 55555513
1479 1042 1753 1203 cGalliellnspbrcs
1769 1044 1926 1201 55555-

533 1158 602 1203 rum
666 1157 718 1201 am
767 1155 847 1201 rum
905 1157 942 1201 ro
985 1180 994 1199 .
1052 1156 1122 1201 ror
1166 1157 1186 1198 n
1298 1155 1384 1203 enas.
1446 1182 1456 1205 .
1509 1156 1613 1203 orn.
1675 1158 1702 1199 cr
1816 1157 1926 1216 nean,

511 1216 548 1288 P.
571 1219 685 1290 Aelius
735 1233 828 1291 aetus
850 1157 989 1303 15511515
1010 1157 1284 1305 (5555555551.
1706 1159 1736 1226 μ

241 1307 306 1379 198
358 1311 424 1380 556
466 1305 559 1378 Coss.
581 1308 664 1378 Seu.
685 1308 807 1389 Aelius
832 1307 967 1377 Paetus
995 1310 1119 1390 Cotus,
1159 1308 1196 1375 Τ.
1223 1307 1401 1396 Quinctius
1427 1307 1661 1388 Flamininum,
1695 1309 1859 1377 aedilitate
1893 1320 1927 1377 et

476 1452 481 1453 ff
532 1407 657 1465 raetura
681 1397 802 1466 omissa
826 1396 902 1465 Cos
925 1396 1060 1482 lactus).
1104 1396 1142 1463 P.
1167 1396 1285 1465 Villius
1307 1396 1415 1489 primo
1436 1422 1514 1467 vere
1535 1396 1671 1467 consilia
1696 1397 1927 1485 ingrediendus

508 1421 721 1555 Alacedoniac
743 1487 862 1576 agitat,
892 1508 967 1553 curn
989 1484 1095 1553 Flam.
1118 1484 1195 1553 Cos.
1219 1484 1453 1576 belli-gerendi
1476 1485 1614 1577 cupidus
1640 1487 1841 1578 supervenit.
1884 1484 1928 1562 Is,

508 1574 661 1665 Philippo
685 1596 727 1642 ex
749 1573 907 1660 angustiis
929 1573 971 1640 ad
993 1574 1102 1643 Aoum
1124 1573 1271 1655 fluvium,
1295 1574 1444 1643 claustris
1465 1573 1569 1666 Epiri,
1593 1574 1740 1664 dejecto,
1769 1597 1827 1663 per
1849 1571 1931 1675 Epi.

508 1687 580 1730 rum
611 1662 644 1729 in
668 1661 873 1730 Thessaliam
902 1662 1066 1752 procedit,
1100 1662 1262 1752 adjunctis
1285 1662 1505 1733 Athamanum
1534 1673 1570 1731 ct
1590 1660 1781 1730 Aetolorum
1812 1683 1925 1752 copus.

509 1749 681 1843 Philippus
703 1751 738 1816 in
760 1747 987 1817 Macedoniam
1009 1748 1141 1830 recedit,
1165 1750 1243 1818 Cos.
1264 1748 1371 1819 Elatia
1393 1760 1488 1842 capta
1510 1759 1545 1819 et
1566 1750 1660 1820 iactis
1683 1772 1757 1819 curn
1774 1748 1858 1817 Phil.
1880 1749 1926 1814 in-

508 1838 623 1920 duciis,
647 1839 681 1905 in
704 1836 844 1905 Locride
866 1846 901 1905 et
918 1835 1064 1907 Phocide
1086 1838 1244 1907 hibernat
1929 1899 1932 1904 .

509 2013 536 2080 p
615 1925 721 2080 Agmd
745 1923 824 1993 Cos.
860 1923 896 1993 15
933 1924 1040 1993 Gabia
1077 1926 1159 1993 nihil
1195 1924 1409 1994 memorabile
1446 1925 1538 2016 gerit.
1597 1924 1642 1996 111.
1673 1924 1809 1993 Porcius
1843 1922 1926 1990 Cato

297 2051 303 2057 ·
386 2034 389 2037 ·
537 2025 615 2082 raet
664 2038 731 2079 ar.

240 2099 304 2167 197
357 2102 422 2170 557
465 2101 558 2169 Coss.
584 2101 621 2167 C.
647 2099 824 2183 Cornelius
847 2095 1030 2189 Cethegus,
1057 2098 1097 2186 (l.
1120 2101 1294 2168 Minucius
1316 2097 1470 2190 Ilusus.)
1523 2098 1597 2167 Sex
1619 2100 1808 2167 Praetores
1832 2098 1925 2191 prim.

508 2198 669 2271 creantur,
692 2209 832 2277 quorum
847 2197 1000 2305 (51511551
1013 2188 1094 2255 (1555
1113 2188 1171 2255 His
1198 2188 1307 2279 55155ἰ
1322 2188 1473 2254 Siciliam
1489 2185 1739 2293 Sardiniamque
1755 2208 1830 2255 curn
1846 2188 1926 2276 imp.

382 2348 391 2353 ,
509 2275 659 2344 obtinere
678 2274 797 2343 solent
842 2276 884 2343 ’1.
907 2273 1081 2360 Quinctius
1108 2284 1168 2366 pr'o
1218 2300 1263 2359 s,
1293 2275 1455 2365 adjunctis
1482 2275 1546 2345 sibi
1569 2275 1709 2345 Achaeus
1739 2286 1773 2343 et
1796 2273 1924 2343 Nabide

509 2374 544 2433 et
565 2361 732 2433 Thebanis
754 2364 834 2453 (per
854 2362 1001 2431 Attalum
1022 2367 1129 2452 reg.),
1165 2386 1241 2434 cum
1268 2385 1334 2455 pax
1355 2386 1424 2431 non
1452 2364 1678 2440 convenisset.
1712 2364 1782 2431 adr.
1804 2362 1926 2453 Philip-

508 2474 590 2543 pum
611 2450 645 2518 in
668 2449 874 2518 Thessaliam
897 2462 1017 2520 movet
1062 2451 1113 2519 151
1135 2452 1215 2520 dum
1237 2452 1333 2518 ambo
1354 2451 1546 2520 Scotussam
1574 2463 1709 2543 potunt,
1732 2452 1767 2518 15
1790 2452 1927 2518 tumulis

512 2537 780 2629 Cynoscephalis
801 2561 1049 2629 praecursorum
1070 2551 1234 2609 certamen
1258 2538 1472 2621 contrahitur,
1506 2538 1625 2630 quibus
1655 2562 1731 2606 cum
1762 2541 1926 2629 utrimque

511 2625 625 2720 copiae
645 2626 888 2709 submittantur,
912 2628 1044 2696 tandem
1066 2630 1154 2719 justo
1176 2627 1302 2721 proelio
1324 2627 1520 2717 confligitur,
1543 2651 1609 2718 quo
1625 2627 1821 2697 Macedones
1838 2630 1942 2718 proci

510 2739 567 2784 sus
588 2714 778 2797 vincuntur,
812 2713 940 2783 Aetolis
962 2715 996 2783 in
1019 2739 1058 2784 ea
1080 2741 1116 2786 re
1137 2716 1226 2784 haud
1247 2716 1525 2785 contemnendum
1551 2716 1709 2783 auxilium
1736 2714 1927 2807 praestanti·

381 2876 384 2885 ,
510 2802 582 2870 bus.
627 2800 800 2894 Philippus
818 2802 954 2896 Γ1515515
976 2827 1052 2872 cum
1076 2803 1214 2896 proCos.
1236 2803 1429 2888 collocutus,
1450 2803 1599 2873 inducias
1623 2804 1785 2895 impetrat,
1807 2802 1925 2897 quibus

510 2890 635 2982 legatos
658 2890 699 2958 de
721 2913 802 2981 pace
825 2889 967 2959 Romam
987 2894 1105 2961 mittat.
1479 2906 1485 2913 “

390 3060 393 3071 .
618 2976 695 3045 Cos
710 2977 890 3066 ‘Cethegus
917 2979 1097 3072 triumphat
1125 2979 1167 3049 (15
1190 2978 1294 3061 Gallis
1315 2978 1506 3049 Insubribus
1534 2978 1811 3071 Cenomanisque
1856 2977 1927 3045 Lex

509 3065 643 3134 Porcia
665 3067 708 3135 de
727 3066 957 3159 provocatione
976 3068 1087 3138 fertur.

240 3154 305 3224 196
357 3157 424 3227 558
465 3154 560 3223 Coss.
581 3153 624 3221 L.
646 3154 773 3222 Florius
792 3153 984 3244 Purpureo,
1006 3157 1059 3225 M.
1083 3154 1249 3225 Claudius
1262 3154 1490 3241 Marcellus.)
1526 3154 1578 3223 Ex
1601 3157 1762 3224 sententia
1785 3154 1817 3220 X
1838 3154 1873 3222 15
1896 3178 1926 3221 5-

403 3298 407 3303 .
508 3240 679 3312 15551.
703 3241 878 3329 Quinctius
900 3244 1066 3348 Philippo
1084 3267 1210 3333 pacem
1230 3244 1296 3309 dat
1319 3267 1357 3312 ea
1380 3243 1585 3326 condicione,
1611 3255 1648 3311 ut
1671 3244 1829 3399 praesidia
1895 3267 1925 3309 a·

474 3385 476 3388 .
509 3330 580 3399 ced.
603 3350 646 3398 ex
668 3330 802 3397 urbibus
825 3330 958 3400 Graecis
979 3331 1091 3400 laberis
1112 3331 1252 3401 deducat
1272 3329 1454 3424 (imprimis
1477 3329 1647 3415 Corintho,
1699 3331 1836 3414 halcide,
1861 3329 1926 3398 De·

508 3418 699 3504 metriade),
723 3417 815 3486 mille
837 3417 894 3487 151
910 3421 1043 3511 pendat,
1066 3430 1126 3489 cet.
1171 3418 1252 3486 lllae
1273 3418 1422 3487 civitates
1445 3418 1479 3485 in
1494 3419 1678 3488 libertatem
1701 3422 1926 3497 restituuntur,

507 3505 623 3576 sedin
644 3505 829 3598 praesentia
850 3507 1021 3592 praesidiis
1044 3506 1139 3576 Rom.
1160 3508 1349 3575 obtinentur
1375 3519 1509 3598 propter
1536 3518 1663 3575 metum
1685 3506 1727 3575 (15
1750 3505 1924 3576 Antiocho.
2034 3519 2035 3522 ’

614 3593 812 3686 'Triumpbat
830 3594 875 3662 Μ.
897 3594 1070 3667 Marcellus
1093 3594 1170 3665 Cos.
1192 3595 1235 3664 de
1257 3593 1476 3664 Comensibus
1499 3605 1534 3663 51
1555 3592 1759 3663 Insubribus.

240 3682 305 3753 195
355 3684 424 3755 559
464 3680 560 3751 Coss.
582 3679 819 3752 [ausuum
841 3681 1007 3765 blaesus,
1035 3685 1086 3752 M.
1108 3683 1256 3753 Porcius
1278 3684 1385 3765 Cato,
1413 3682 1924 3753 montemmaranum.

223 3788 229 3797 ·
271 3774 275 3781 ’
509 3791 570 3838 555
596 3774 725 3856 natus)
769 3770 951 3840 Antiochus
977 3795 1036 3841 rex
1062 3772 1098 3838 in
1119 3772 1287 3864 Europum
1315 3769 1447 3853 hausit,
1481 3782 1517 3840 et
1537 3707 1780 3863 liysirnachiarn
1808 3772 1925 3840 urbem

508 3856 692 3933 restitutam
712 3862 830 3927 munit.
873 3858 922 3928 Le
944 3859 1006 3928 atis
1026 3859 1124 3928 Rom.
1145 3860 1188 3926 ad
1211 3881 1287 3927 eum
1310 3858 1430 3942 missis,
1453 3871 1491 3928 nt
1507 3859 1647 3929 Graecas
1671 3862 1704 3926 in
1726 3860 1804 3928 Asia
1827 3860 1927 3929 urbes

508 3944 729 4025 liberasesse,
752 3945 894 4016 555515
939 3971 1076 4039 uropam
1097 3948 1247 4039 trajicere
1261 3948 1351 4032 velit,
1374 3957 1560 4039 nonparet.
1604 3948 1655 4015 Ad
1678 3949 1819 4016 eundem
1836 3947 1925 4014 Han·

508 4033 598 4101 nibal
631 4032 827 4126 Cartbagine
859 4046 951 4104 metu
976 4035 1147 4105 Romanae
1181 4035 1333 4105 factionis
1366 4036 1523 4128 prologus
1556 4036 1657 4104 55511.
1715 4035 1754 4103 15
1789 4035 1923 4104 Graecia

507 4120 548 4189 T.
571 4121 744 4208 Quinctius
766 4121 905 4214 proCos·
926 4121 1063 4191 Nabidis
1084 4134 1147 4215 tyr.
1169 4122 1363 4193 Lacedaem.
1387 4147 1467 4216 opes
1488 4121 1646 4215 infringit,
1680 4146 1790 4215 neque
1815 4137 1923 4193 tamen

508 4208 608 4279 udat
651 4210 762 4300 Argivi
784 4210 912 4278 liberati
933 4211 1073 4281 concilio
1095 4211 1301 4281 Achaeorum
1324 4211 1550 4280 attribuuntur.

616 4296 708 4367 Coss.
730 4298 773 4364 111.
800 4298 932 4369 Porcius
954 4301 989 4366 in
1011 4299 1110 4392 Hispa¹
1127 4300 1277 4368 citeriore
1303 4298 1505 4392 triumphurn
1531 4322 1568 4367 re
1597 4299 1681 4367 bene
1708 4311 1798 4385 gesta
1821 4324 1924 4368 mere-

509 4396 571 4467 tur,
595 4386 631 4455 L.
654 4387 792 4455 Flaccus
814 4410 890 4454 cum
906 4386 997 4478 Bojis
1018 4399 1152 4480 propter
1165 4389 1282 4456 silvam
1300 4385 1452 4454 Litanam
1466 4386 1613 4455 secundo
1629 4386 1755 4478 proelio
1768 4388 1924 4477 confligit

197 4470 206 4497 ⁸
240 4479 306 4549 191
356 4472 424 4545 560
465 4472 558 4542 Coss.
584 4474 623 4543 Ρ.
648 4474 825 4543 Cornelius
845 4474 961 4565 Scipio
983 4476 1145 4566 African.
1162 4475 1219 4554 II,
1245 4474 1296 4543 11.
1310 4473 1529 4565 Sempronius
1542 4472 1691 4566 Longam.
1714 4499 1854 4566 quorum
1871 4500 1925 4580 55-

509 4572 573 4630 tres
596 4587 623 4632 5
645 4565 712 4632 918
734 4561 828 4632 Coss.
857 4562 1022 4648 inerant)
1064 4563 1105 4630 T.
1133 4563 1324 4650 Quinctius,
1358 4563 1527 4654 praesidiis
1554 4586 1598 4631 ex
1626 4563 1761 4632 urbibus
1791 4565 1924 4632 Graecus

509 4649 672 4735 deductis,
708 4652 796 4744 quod
824 4652 947 4721 dudum
974 4651 1084 4722 Aetoli
1111 4675 1187 4721 enm
1221 4651 1445 4744 indignatione
1471 4650 1709 4744 ssagimverant,
1744 4652 1924 4721 exercitum

269 4869 294 4939 ·)
310 4860 512 4994 rtleamppriipctum
528 4866 585 4926 eat,
604 4869 635 4917 rrt
651 4857 685 4919 T.
702 4857 797 4921 Livius
813 4880 858 4919 rer
880 4860 931 4919 boc
948 4871 1137 4968 5555555155,
1162 4857 1210 4920 115.
1227 4862 1261 4919 31
1282 4858 1345 4919 iude
1366 4882 1382 4919 a
1401 4876 1460 4942 etp.
1477 4863 1528 4931 33,
1555 4861 1624 4921 laiso
1642 4861 1675 4919 ad
1692 4864 1808 4938 priorem
1827 4881 1923 4923 aunum
