4734 5809
1088 417 1213 563 ‘....·'
1253 484 1316 583 ro
1373 485 1465 561 a·-

432 732 733 809 antennor!
742 756 839 840 gens,
859 756 882 804 e
902 728 1076 839 Thessalis
1094 729 1254 839 profectp,
1275 728 1344 801 late
1357 727 1571 838 dispergitur,
1594 740 1630 800 et
1649 730 1685 800 in
1706 731 1798 802 omni
1821 730 1958 804 Graecia

481 835 619 929 excppta
634 822 791 929 Arcadia,
807 837 885 892 cum
905 822 1070 891 veteribus
1094 820 1211 888 incolas
1229 830 1277 888 uta
1291 828 1508 924 enpynngrtur,
1531 829 1569 892 nt
1581 817 1758 888 Hellenum
1780 831 1815 890 et
1835 843 1958 890 nomen

389 1004 391 1008 ·
476 910 831 1090 tltttttbtb
851 919 1084 1087 {illitati
1104 907 1172 1064 idi
1184 906 1489 1064 ittittbttb
1510 930 1608 1086 bit
1621 920 1959 1084 {tabitam-¹¹·

371 1155 375 1163 ,
434 1084 519 1157 Nam
541 1085 750 1164 Deucalion,
770 1086 792 1156 i.
814 1084 1021 1164 Promethei,
1045 1092 1121 1175 post
1143 1082 1302 1151 diluvium
1326 1106 1345 1151 e
1369 1080 1529 1150 Parnasso
1557 1094 1669 1151 moute
1697 1084 1732 1151 in
1753 1082 1959 1156 Thessaliam

481 1174 684 1265 adjacentem
707 1173 913 1243 descendisse
935 1171 1047 1264 ibique
1069 1169 1165 1238 sedes
1187 1169 1338 1262 posuisse
1360 1168 1472 1238 fertur.

436 1259 516 1353 Ejus
539 1274 573 1330 et
593 1260 748 1353 Pyrrhae,
770 1258 958 1352 Epimethei
980 1281 1023 1327 ex
1044 1257 1193 1326 Pandora
1216 1256 1313 1342 filiae,
1338 1256 1399 1324 filii
1420 1256 1575 1326 dicuntur
1595 1255 1745 1339 Hellen,
1771 1279 1791 1325 a
1814 1280 1880 1350 que
1903 1279 1960 1327 no·

482 1372 565 1453 men·
582 1348 864 1452 genti—inventum
887 1350 990 1437 ajunt,
1012 1355 1047 1413 et
1067 1343 1357 1500 Amphictyon!
1441 1430 1631 1502 Melum
1663 1430 1864 1524 singularum
1906 1454 1960 1506 en.

437 1434 820 1593 reseruata
833 1431 1135 1615 ,ternuc
1158 1443 1194 1501 ,
1630 1480 1641 1519 ‚
1884 1453 1906 1524 ε

440 1666 470 1734 1.
503 1637 663 1733 AEOLI
684 1662 743 1731 filii
771 1637 915 1767 septem,
943 1659 1032 1730 filiae
1046 1658 1458 1764 'quinque-memorantur,
1480 1683 1555 1752 ‚per
1581 1682 1665 1753 quos
1681 1660 1826 1766 ‘deplico
1848 1606 1962 1753 generi

504 1752 682 1932 pppcrppppre
712 1750 867 1902 Graeciae
900 1746 1161 1843 septentrronabs
1192 1747 1437 1840 nonnullasque
1470 1745 1692 1842 Peloponnesi
1725 1759 1873 1820 civitates
1908 1773 1962 1841 ap

461 1961 506 2049 α)
530 1960 694 2031 Cretheus
719 1959 831 2030 Iolcon
866 1959 902 2028 in
928 1957 1101 2028 Thessalia
1128 1957 1290 2041 condidit,
1327 1962 1420 2050 eujus
1447 1966 1483 2026 et
1509 1956 1617 2049 Tyrus
1646 1955 1706 2024 filii
1734 1968 1813 2026 sunt
1839 1954 1960 2040 Aeson,

528 2048 733 2140 Amythaon,
761 2048 895 2116 Pheres.
939 2045 1084 2116 Aesonis
1111 2046 1198 2113 fitius
1226 2044 1345 2114 Iason.
1388 2043 1617 2133 Amythaonis
1641 2043 1700 2112 filii
1723 2045 1815 2113 Bias
1837 2056 1871 2113 et
1891 2045 1962 2113 Me·

421 2133 426 2140 ’
529 2135 666 2241 lampas
687 2159 763 2204 eum
783 2134 902 2216 Nelea,
924 2133 1034 2216 fratre,
1058 2133 1092 2199 iu
1108 2133 1375 2224 Peloponnesum
1397 2133 1645 2223 proficiscuntur
1667 2143 1701 2200 et
1722 2145 1848 2225 partem
1870 2133 1961 2220 regui

529 2223 576 2292 Ar
599 2224 643 2291 rvi
663 2233 786 2291 tenent.
831 2221 964 2288 Pheres
976 2220 1132 2287 condidit
1152 2219 1287 2301 Pheras,
1310 2219 1503 2289 Thessaliae
1524 2218 1650 2304 urbem,
1672 2219 1842 2311 filiumque
1864 2219 1964 2287 habet

519 2248 721 2393 ‚Aduretom
744 2311 838 2401 eujus
860 2329 944 2374 uxor
965 2305 1118 2387 Alcestis,
1141 2305 1163 2372 i.
1186 2305 1308 2375 Peliae.

463 2410 505 2505 b)
527 2411 694 2504 Sisyphus
714 2409 882 2504 Ephyram
904 2406 1144 2493 (Corinthum)
1166 2407 1326 2492 condidit,
1348 2412 1440 2498 cnjus
1464 2406 1551 2475 filius
1574 2405 1735 2491 Glaucus,
1757 2432 1862 2506 nepos
1883 2409 1963 2478 Bel-

417 2529 430 2556 ·-
529 2500 756 2591 Ieroplronles,
778 2498 835 2590 qui
857 2520 877 2564 a
898 2496 1028 2579 Proeto,
1051 2519 1128 2585 rege
1149 2493 1282 2585 Argivo,
1307 2493 1348 2561 ad
1370 2494 1517 2577 lobeton,
1539 2493 1659 2584 Lyciae
1682 2520 1809 2586 regem,
1831 2497 1962 2580 missus,

498 2603 505 2609 '
531 2588 659 2681 Pegaso
682 2586 769 2655 alato
792 2606 878 2677 equo
900 2607 991 2670 usus,
1015 2583 1222 2652 Chimaeram
1247 2593 1282 2651 et
1301 2580 1455 2674 Solymos
1476 2580 1633 2672 perdidit,
1663 2593 1697 2651 et
1720 2586 1816 2653 ducta
1839 2581 1963 2652 Laoda-

533 2678 618 2757 mia,
641 2675 774 2743 lebetae
796 2673 830 2755 h,
853 2694 912 2742 rex
930 2671 958 2737 L
980 2672 1051 2740 ciae
1072 2665 1177 2739 laetus
1199 2681 1259 2752 est,
1283 2691 1321 2737 ac
1335 2691 1377 2736 ne
1402 2680 1491 2737 otem
1514 2695 1532 2739 e
1553 2668 1623 2736 filio
1638 2669 1680 2738 Hi
1727 2670 1844 2739 oloeho
1865 2671 1964 2740 habet

537 2761 715 2846 Glaucum,
737 2761 823 2830 inter
844 2760 953 2828 socios
996 2761 1181 2863 rojanorum
1204 2756 1337 2860 clarum.
1370 2695 1465 2862 dlius
1478 2755 1612 2863 Sisyphi
1634 2696 1726 2827 [Hp

536 2850 680 2919 filiorum
702 2847 785 2918 alter
805 2847 944 2916 Phocus
966 2858 1078 2916 auctor
1100 2855 1241 2916 civitatis
1261 2844 1482 2914 Phocensmm
1504 2846 1637 2928 ducitur,
1665 2846 1748 2915 alter
1769 2847 1878 2916 Thoas
1931 2869 1963 2915 e

534 2936 634 3009 riuthi
657 2961 691 3005 re
714 2948 779 3004 nat.
823 2934 983 3020 Thoantis
1006 2933 1029 3001 f.
1052 2931 1264 3026 Demophon,
1286 2933 1580 3027 neposPropodas,
1603 2945 1801 3025 pronepotes
1821 2934 1963 3004 Doridos

535 3038 570 3095 et
585 3024 679 3116 Hyan
719 3024 798 3104 idas,
821 3023 862 3090 ab
876 3022 1057 3092 Heraclidis
1078 3044 1180 3112 regno
1202 3019 1329 3113 priuati.
1374 3019 1487 3102 Tertia
1508 3033 1542 3089 et
1563 3033 1675 3113 quarta
1690 3022 1788 3113 stirps
1810 3023 1845 3090 in
1861 3021 1964 3092 Boeo·

533 3114 616 3182 tiam
639 3112 796 3202 migravit,
819 3111 877 3180 ubi
898 3110 1090 3178 Haliartos
1112 3120 1146 3178 et
1168 3109 1330 3190 Coronos,
1353 3108 1413 3176 lilii
1429 3106 1637 3189 Thersandri,
1659 3122 1797 3201 nepotes
1818 3110 1962 3215 Sisyphi,

532 3201 633 3268 nrbes
652 3199 865 3289 cognomines
886 3198 1070 3267 condidisse
1084 3196 1272 3281 traduntm3
1293 3195 1414 3265 Almus
1435 3206 1555 3279 autem,
1579 3197 1699 3290 etipse
1713 3196 1848 3290 Sisyphi
1863 3199 1964 3282 trtius,

533 3311 592 3380 per
613 3286 698 3355 filias
718 3286 833 3379 populi
853 3284 1071 3378 Phlegyarum
1094 3294 1128 3354 et
1147 3284 1333 3375 Minyarum
1356 3295 1468 3353 auctor
1489 3282 1536 3352 fis
1940 3314 1943 3321 ·

2000 642 2143 708 affirm.

1709 2761 1848 2851 mytion,
1871 2761 1962 2915 cuppa
2109 2763 2119 2777 ‘

467 3385 507 3481 e)
535 3390 710 3470 Athamas
730 3389 766 3457 in
782 3388 956 3494 Bpeotiam
977 3400 1054 3494 post
1073 3398 1224 3459 uocatam
1245 3386 1408 3490 migrpvit,
1425 3388 1592 3479 ,aedesque
1614 3389 1741 3481 accepit
1761 3387 1803 3456 ab
1819 3387 1963 3471 dudeco,
2101 3396 2104 3406 '

510 3501 609 3567 ,rege
631 3476 869 3560 Orchomenro,
897 3475 1076 3568 habuitque
1099 3500 1118 3543 e
1141 3473 1293 3579 Nephele
1320 3473 1439 3543 liberos
1462 3475 1538 3543 Phr
1562 3498 1646 3544 xum
1673 3488 1708 3545 et
1733 3475 1877 3560 Hellen,
1906 3478 1964 3569 qui
2099 3539 2103 3547 .

533 3587 610 3635 eum
630 3563 768 3632 insidias
787 3586 947 3633 novercae
967 3563 1062 3647 Inus,
1090 3562 1207 3630 Cadmi
1229 3563 1268 3644 ἱ,
1298 3560 1473 3650 fugissent,
1507 3561 1535 3630 P
1575 3564 1648 3632 ixus
1677 3564 1712 3631 in
1739 3564 1841 3633 ariete
1865 3587 1963 3632 aureo

530 3661 645 3721 rectus
673 3671 778 3743 usqne
806 3650 842 3718 in
867 3649 1058 3718 Colebidem
1086 3649 1280 3742 penetravit.
1322 3648 1479 3719 Athamas
1506 3674 1526 3720 e
1554 3650 1692 3760 Boeotia
1720 3654 1844 3742 ejectus
1866 3650 1963 3719 Atha

533 3739 678 3807 maniam
699 3737 735 3806 in
757 3738 927 3808 Thessalia
949 3736 1105 3822 condidit.

469 3841 514 3933 tl)
534 3841 735 3910 Salmoneus
756 3835 834 3910 Elin
855 3841 891 3907 in
911 3840 1145 3932 Peloponneso
1166 3838 1322 3910 condidit.
1364 3838 1445 3931 Ejus
1467 3838 1533 3908 filia
1556 3850 1607 3910 est
1634 3838 1743 3932 Theo,
1769 3852 1855 3936 quae
1877 3867 1895 3910 a
1919 3844 1965 3912 ud
2032 3923 2035 3934 A

535 3925 713 3998 Cretheum
735 3953 754 3999 e
776 3925 931 4019 Neptuno
952 3930 1081 4023 peperit
1102 3929 1242 3998 Peliam
1264 3939 1299 3998 et
1319 3921 1477 4006 Nilaea,
1506 3952 1646 4020 querum
1667 3929 1777 3998 Pelias
1805 3932 1840 3999 in
1863 3931 1893 3999 T
1935 3955 1964 4000 s·

535 4017 617 4086 salia
645 4017 768 4086 mansit
793 4028 828 4086 et
852 4014 933 4085 lolei
959 4026 1087 4120 regnat,
1114 4016 1285 4108 filiumque
1311 4013 1410 4085 habet
1435 4017 1612 4098 Acastum,
1649 4041 1669 4086 a
1696 4017 1799 4089 Pelen
1826 4020 1965 4103 victum3

535 4103 663 4174 Neleus
684 4105 720 4172 in
741 4103 1007 4197 Peloponnesum
1035 4105 1186 4208 migravit
1213 4116 1248 4172 et
1268 4101 1387 4208 Pylum
1410 4104 1647 4175 Messeniacam
1675 4106 1829 4174 condidit.
1873 4105 1964 4173 Duo·
2102 4183 2109 4189 ⁴

537 4192 645 4260 decim
667 4193 738 4284 ejus
758 4192 828 4277 lilii,
851 4216 935 4284 quoe
957 4190 1157 4273 erlnude,
1179 4189 1376 4281 Amphionis
1392 4191 1425 4276 f,
1449 4189 1578 4279 tulerat,
1600 4195 1634 4261 in
1657 4194 1744 4263 bello
1767 4195 1807 4262 ab
1823 4192 1962 4263 Hercule

535 4275 887 4459 ppeptppptpppr‘prapleper
907 4280 1081 4356 minimum
1102 4290 1183 4349 natu
1204 4278 1394 4364 Nestorem,
1415 4280 1689 4375 sapientem,‚qui
1710 4281 1815 4374 Pyliis
1835 4292 1965 4374 praeest

1019 4498 1036 4541 a
1101 4469 1186 4559 'E'ns
1207 4470 1350 4543 filiomm
1369 4496 1456 4544 nnus
1471 4470 1654 4566 Cepholsss,
1676 4470 1783 4542 occisa
1797 4471 1964 4554 Procride,

1017 4553 1129 4654 Cepha
1144 4559 1265 4631 leniam
1285 4558 1428 4630 insulam
1455 4561 1610 4642 incoluit,
1635 4560 1718 4648 alius
1739 4561 1840 4630 detor
1861 4560 1965 4629 filium

321 4423 327 4432 ¹
470 4471 512 4561 e)
536 4468 653 4542 noan
674 4468 712 4550 in,
731 4470 918 4544 eburono
938 4496 1017 4627 rep
1039 4481 1062 4542 r.

537 4556 713 4627 Erechthei
735 4557 769 4639 Ι“.,
791 4581 895 4630 uxore
917 4584 980 4630 exu

538 4644 639 4722 habet
658 4646 888 4738 Eurytionem,
917 4650 973 4738 qui
996 4648 1153 4732 Poleam,
1175 4648 1276 4719 Aeaei
1303 4649 1425 4733 tilium,
1453 4673 1528 4718 eum
1556 4648 1598 4715 ad
1625 4648 1736 4742 ipsum
1756 4647 1902 4719 venisset
1922 4671 1966 4718 ex

538 4732 664 4825 Aegina
686 4757 762 4803 eum
781 4735 1051 4827 Myrmidonibus,
1075 4737 1208 4829 recepit,
1232 4747 1267 4805 et
1286 4759 1510 4807 meeessorem
1530 4733 1655 4807 habuit.

397 4883 403 4892 ι
463 4836 513 4931 f)
534 4831 698 4930 Magnes,
721 4838 762 4906 ad
784 4863 884 4930 quem
904 4837 1064 4930 Magnesii
1086 4841 1121 4908 in
1149 4841 1321 4910 Thessalia
1349 4863 1453 4932 genus
1480 4840 1636 4910 relemnt.
1678 4838 1758 4928 Ejus
1785 4841 1846 4910 filii
1869 4838 1965 4930 Poly·

275 5023 280 5032 Ι
419 5010 424 5016 ‚
538 4926 649 4996 dcctes
672 4924 1012 5022 etDictysSeripho'u
1035 4929 1191 5009 condunt,
1213 4928 1365 5024 aquibus
1378 4928 1495 4998 Danai
1511 4951 1588 4999 cum
1600 4928 1671 5002 sdic
1686 4926 1808 5000 Perseo
1823 4937 1964 5021 recepta.
