4734 5809
1101 471 1474 524 ιιι-σημη-

430 644 597 735 sdmabo,
622 643 654 721 si
672 641 759 745 quid
774 643 953 726 communi
965 640 1109 727 utilitati
1122 641 1336 745 profuerim:
1360 641 1557 746 profitebor
1566 643 1697 748 potins,
1713 668 1861 748 operam
1872 670 1988 724 meam
1999 673 2144 752 magno·

431 785 520 862 pere
544 759 784 835 recentiorum
808 759 1025 860 scriptorum
1043 754 1230 859 diligentia
1249 753 1433 834 allevatam
1455 783 1550 849 esse,
1574 768 1653 836 tum
1669 760 1941 854 commentariis,
1956 759 2144 851 editorum,

432 884 511 950 tum
524 872 601 947 aliis
618 870 730 962 libris,
754 870 928 972 imprimis
942 868 1126 946 Dodwelli
1151 870 1337 947 annalibus
1362 869 1608 980 Thucydideis
1617 883 1660 948 et
1674 872 1966 980 Xenophonteis,
1985 867 2144 952 Clintoni
2260 875 2267 892 '
2344 921 2347 928 ,

432 983 537 1064 lastis
554 984 760 1075 Hellenicis,
784 983 905 1088 Pighii
928 983 1113 1065 annalibus
1129 983 1315 1075 Romania,
1340 982 1531 1088 Borghesii
1546 985 1755 1089 fragmentis
1772 987 1994 1089 Capitolinis,
2019 986 2145 1064 Baebii

406 1107 410 1116 ‘
432 1097 586 1175 historia
602 1097 691 1197 juris
707 1095 872 1188 Romani,
895 1095 972 1176 tae
986 1095 1201 1187 Gothoiredi
1216 1096 1448 1202 chronologia
1462 1097 1582 1202 legum
1598 1096 1733 1175 codicis
1757 1098 2012 1192 Theodosiani,
2036 1100 2145 1177 Tille-

431 1211 561 1291 montii
583 1210 734 1288 historia
757 1211 1028 1313 Imperatorum,
1053 1209 1142 1301 aliis,
1168 1211 1300 1312 quibus
1324 1210 1375 1287 ita
1398 1237 1488 1289 usus
1513 1236 1604 1303 sum,
1626 1221 1669 1288 ut
1692 1209 1862 1311 iudicium
1883 1223 2004 1290 tamen
2027 1239 2145 1290 meum

430 1326 521 1404 mihi
541 1324 770 1430 sequendum
793 1334 966 1428 putarem.
1014 1320 1147 1402 Festos
1171 1322 1390 1401 Consulares
1412 1350 1523 1429 quum
1546 1325 1648 1430 potui
1677 1325 1989 1404 emendatissimos
2014 1327 2146 1427 adieci:

320 1477 326 1486 ·
432 1440 504 1518 nisi
529 1439 628 1543 quod
648 1438 885 1522 suffectorum
907 1436 1111 1515 nominibus
1143 1436 1220 1515 lere
1250 1437 1407 1541 peperci,
1437 1449 1475 1515 et
1498 1445 1565 1541 pro
1590 1436 1762 1516 Tribunis
1788 1438 1939 1530 militum
1968 1440 2147 1518 consulari

431 1563 615 1658 potestate
638 1552 739 1632 locos
755 1551 938 1644 Livianus,
961 1551 1024 1628 nbi
1046 1552 1223 1656 leguntur,
1247 1551 1397 1631 laudari
1446 1550 1609 1629 Eandem
1633 1552 1773 1654 copiam
1797 1556 2020 1631 notationum
2043 1552 2147 1630 chro-

431 1666 677 1773 nologicarum
701 1666 824 1745 neseio
849 1692 896 1745 an
921 1663 1106 1742 debuerim
1129 1663 1285 1742 sortasse
1309 1666 1418 1741 etiarn
1440 1675 1612 1768 expetere
1636 1665 1675 1745 in
1691 1663 1967 1744 Atheniensium
1985 1663 2148 1744 Archon·

431 1779 531 1864 tibus
556 1780 792 1881 ἐπωνύμοις,
821 1777 889 1870 sed
912 1777 1287 1892 praeterquamquod
1313 1804 1435 1866 eorum
1456 1779 1574 1869 ¹series
1604 1803 1713 1908 saepe
1743 1776 2015 1883 interrumpitur
2040 1790 2078 1856 et
2101 1778 2148 1856 de

432 1894 637 1972 nominibus
664 1920 788 1971 eorum
811 1892 1000 1980 nonsatis
1025 1893 1160 1992 ubique
1186 1902 1344 1985 constat,
1374 1892 1481 1994 hujus
1511 1892 1565 1980 rei
1595 1891 1785 1978 utilitatem
1815 1891 1861 1967 ad
1889 1918 2025 1998 paucos
2049 1890 2148 1970 vide·

432 2005 516 2084 bam
540 2007 738 2110 pertinere,
769 2007 836 2116 ,qui
865 2032 945 2083 cum
978 1995 1206 2109 diligentiore
1238 2005 1359 2084 studio
1389 2032 1466 2082 eam
1492 2003 1742 2111 chronologiae
1764 2016 1904 2116 partem
1929 2013 2148 2108 cognoscere

432 2120 577 2212 vellent,
601 2130 679 2198 tum
703 2118 749 2196 ad
773 2120 863 2196 alios
887 2118 1010 2210 libros,
1033 2128 1111 2196 tum
1136 2117 1181 2191 ad
1207 2116 1352 2195 Corsini
1376 2118 1610 2221 Clintonique
1634 2117 1749 2195 fastos
1778 2118 2054 2221 confugiendum
2078 2120 2148 2197 sibi

275 2285 299 2296 --
431 2259 519 2316 esse
542 2232 794 2334 intelligerent.
840 2229 927 2308 Sed·
941 2229 1076 2305 diutius
1100 2229 1259 2314 incertus
1282 2254 1401 2321 eram,
1431 2232 1529 2344 qnod
1554 2232 1599 2305 ad
1629 2232 1741 2318 totius
1765 2230 1846 2308 libri
1870 2233 2044 2314 rationem
2068 2253 2168 2342 per··

433 2348 582 2437 timebat,
611 2372 698 2429 num
720 2341 873 2448 singulis
898 2343 1001 2427 annis
1027 2350 1066 2420 et
1089 2341 1198 2430 rebus
1223 2343 1639 2440 memoratisuuetorum
1669 2342 1770 2425 locos
1794 2343 2022 2442 subjicerem,
2050 2345 2149 2426 unde

431 2461 616 2564 copiosior
640 2485 762 2545 earum
784 2483 905 2538 rerum
928 2456 1100 2540 memoria
1122 2464 1318 2566 peteretur,
1342 2481 1389 2534 an
1406 2456 1497 2534 satis
1512 2455 1691 2547 haberem,
1715 2455 1814 2565 ipsas
1830 2482 1901 2547 res,
1927 2468 2059 2560 quanta
2077 2457 2148 2534 lide

423 2599 583 2706 possem
611 2573 772 2664 maxima,
797 2567 999 2650 estendere
1047 2567 1227 2649 Videbam
1252 2570 1347 2652 enim
1372 2580 1484 2672 atque
1502 2569 1596 2647 adeo
1618 2568 1808 2673 sperabam
1825 2567 1957 2650 multos
1973 2571 2060 2665 lore,
2082 2573 2149 2674 qui

434 2715 515 2800 rpsa
535 2697 725 2773 auctorum
747 2684 859 2769 verba
882 2683 1002 2791 legere
1026 2680 1190 2776 mallent,
1215 2708 1366 2785 eamque
1388 2709 1468 2772 rem
1490 2683 1580 2761 mihi
1605 2709 1750 2786 quoque
1774 2681 1903 2768 honori
1926 2683 2003 2761 sore
2028 2685 2149 2768 existi·

433 2803 574 2884 mabam
599 2798 694 2902 apud
719 2824 802 2890 eos,
833 2797 897 2902 qni
921 2796 1136 2904 scriptorum
1162 2806 1201 2872 et
1225 2796 1444 2898 diligentium
1470 2806 1509 2873 et
1532 2795 1730 2880 doctrinam
1754 2822 1903 2880 numero
1926 2796 2148 2878 laudatorum

433 2915 594 2999 locorum
618 2913 777 3016 judicare
801 2911 976 2989 solerent:
1006 2910 1074 2991 sed
1098 2909 1253 2985 habebat
1275 2909 1335 2998 illa
1352 2935 1421 2994 „res
1444 2908 1538 2998 hene
1562 2909 1778 3000 molestiam,
1809 2910 1906 3021 quod
1938 2920 1976 2986 et
1999 2936 2148 3013 magnus

432 3053 605 3114 numerus
629 3035 814 3102 auctorum
838 3025 877 3099 in
900 3024 1009 3101 rebus
1033 3022 1231 3100 tritissimis
1257 3019 1477 3114 excitandus,
1502 3032 1541 3098 et
1561 3022 1726 3134 plerique
1742 3024 1938 3130 scriptores
1962 3049 2079 3128 usque
2103 3023 2148 3100 ad

409 3144 543 3242 »finem
567 3137 735 3222 laudandi
758 3136 921 3215 fuissent
969 3136 1098 3240 ltaque
1128 3162 1205 3216 rem
1230 3135 1285 3212 sic
1312 3134 1471 3227 institui,
1500 3144 1560 3227 ut,
1590 3137 1708 3220 iudice
1739 3136 1909 3240 singulari
1938 3138 2149 3248 praemisso,

386 3319 393 3324 .
435 3256 499 3358 qui
522 3279 642 3331 rerum
667 3262 833 3336 auctores
858 3248 904 3328 ad
928 3253 1104 3353 cujusque
1130 3250 1248 3352 gentis
1273 3248 1460 3325 historiam
1482 3257 1545 3325 aut
1569 3251 1771 3334 universam
1796 3260 1859 3326 aut
1882 3261 1978 3326 certa
1998 3250 2149 3353 periodo

433 3366 722 3472 cognoscendam
745 3362 942 3450 adhstrendi
964 3355 1102 3455 essent,
1124 3363 1305 3453 docerem,
1319 3363 1418 3466 'alios
1444 3362 1661 3465 scriptorum
1678 3363 1778 3441 locos
1803 3362 1841 3438 in
1865 3363 1946 3468 ipso
1969 3362 2061 3445 libro
2076 3391 2150 3441 non

424 3480 618 3560 laudarem
641 3481 712 3560 nisi
736 3502 888 3584 paucos,
917 3485 957 3562 ,et
981 3502 1045 3562 eos
1071 3504 1092 3551 a
1118 3478 1249 3580 quibus
1274 3484 1337 3563 aut
1360 3486 1438 3555 tota
1461 3478 1617 3560 narratio
1642 3477 1832 3584 penderet,
1862 3487 1925 3557 aut
1956 3478 2019 3588 qni
2042 3478 2149 3582 paulo

435 3594 648 3680 remotiores
673 3593 718 3668 eb
743 3616 814 3669 usu
836 3588 976 3693 vulgari
1000 3600 1133 3668 essent.
1643 3587 1645 3592 ’

435 3813 439 3818 ,
559 3740 699 3843 scope
722 3740 885 3822 nerum
907 3766 938 3816 a.
963 3737 997 3817 u
1021 3709 1152 3824 oms
1176 3693 1266 3818 ras
1281 3737 1571 3828 rmeccxrrs

540 3872 769 3978 'Recopnori
792 3896 830 3953 rr
848 3870 900 3951 Id
925 3871 1032 3955 Febr.
1057 3870 1459 3954 MDOCCXXXVlll

1070 4265 1521 4312 *-
