4734 5809
903 503 1273 555 *m*-

226 682 349 744 iertrne
374 671 426 743 rel
448 679 580 741 maxime
600 678 639 741 ad
663 673 997 759 cognitionem'horum
1020 682 1192 758 temporum
1221 674 1361 757 pertinet
1401 672 1534 737 Parenta
1560 676 1707 759 0000100
1726 676 1766 740 ad
1785 661 1945 741 11001010

225 801 304 847 num
322 780 497 845 Herculiuhr
517 787 549 844 ct
565 779 807 858 Gomoarium,
826 778 955 861 collegas
973 777 1165 856 Diocletiani,
1185 778 1384 860 pertinentia,
1404 796 1444 839 ex
1466 776 1598 841 Claudii
1616 778 1807 843 Mamertini
1827 788 1859 843 01
1877 779 1943 843 Eu«

226 885 336 964 000011,
356 877 540 948 Gallicorum
558 884 724 961 rhetorum,
742 883 932 965 panegyricis
949 879 1099 957 hanseris,
1124 880 1178 962 qui
1197 881 1338 962 leguntur
1355 881 1390 942 in
1409 882 1712 962 congenerantur
1729 884 1944 965 panegyrico*

224 1008 309 1052 rum.
350 987 491 1069 (Optima
511 985 603 1048 editio
622 985 734 1067 Wolig.
754 985 882 1067 tangeri,
902 983 1036 1047 Norimh.
1059 981 1147 1060 1779,
1167 981 1205 1048 II.
1225 980 1274 1062 8.)

328 1090 444 1154 Verum
461 1088 514 1152 ubi
534 1089 573 1151 ad
594 1087 843 1151 Constantinum
867 1095 899 1150 et
917 1093 1075 1169 sequentes
1094 1085 1294 1167 Imperatores
1311 1087 1446 1163 veneris,
1475 1105 1536 1148 non
1555 1093 1619 1150 tam
1642 1089 1768 1170 penuria
1787 1097 1944 1156 auctorum

226 1195 376 1276 (qnorum
394 1210 552 1256 numerum
571 1190 863 1272 aspernarentur,
883 1192 1133 1272 panegyricorunr
1156 1188 1327 1271 optimus),
1358 1207 1449 1271 qnam
1475 1208 1579 1251 eorum
1604 1190 1739 1252 11000000
1764 1191 1941 1253 moveberis.

214 1295 307 1359 -Nam
326 1295 482 1373 Zosimus,
501 1312 594 1376 quem
613 1292 702 1355 modo
722 1292 852 1358 diximus
872 1290 949 1354 haec
966 1299 1103 1374 tempera
1122 1292 1196 1353 setis
1216 1294 1336 1374 copiose
1356 1290 1555 1375 descripsisse,
1578 1292 1710 1375 prudens
1730 1294 1851 1374 quidem
1871 1295 1943 1354 seri·
1965 1307 1968 1314 ·

223 1404 298 1479 pter
316 1399 381 1479 jure
400 1397 543 1473 habetur,
569 1394 622 1457 sed
640 1396 684 1456 ita
704 1394 834 1456 ethnicis
856 1393 1049 1476 religionibus
1068 1392 1186 1456 deditus
1205 1401 1270 1471 est,
1295 1402 1330 1457 nt
1349 1395 1391 1456 ob
1406 1394 1485 1456 hane
1511 1412 1631 1456 caueam
1654 1414 1719 1456 non
1737 1397 1889 1458 immerito
1909 1398 1944 1456 10

112 1579 124 1596 ,
197 1487 202 1494 ’
224 1501 427 1583 suspicionem
445 1498 573 1574 venerit,
593 1516 632 1558 an
651 1497 689 1558 de
709 1497 907 1560 Constantine
927 1504 959 1560 et
977 1495 1155 1573 Theodosio,
1178 1499 1347 1579 praecipuis
1367 1496 1556 1559 Christianae
1575 1495 1645 1558 iidei
1665 1499 1816 1579 patronis,
1845 1497 1946 1558 detra·

224 1603 318 1676 xerit,
338 1610 419 1665 certe
439 1601 520 1685 quod
539 1593 688 1662 landabile
707 1601 739 1661 in
759 1598 796 1661 iis
815 1600 915 1676 fuerit,
936 1598 1148 1679 obscuraverit.
1188 1597 1289 1679 Quam
1308 1599 1495 1662 voluntatem
1518 1598 1571 1661 hic
1594 1600 1684 1660 nimis
1704 1618 1722 1659 a
1742 1599 1944 1660 00001οη1100

192 1699 203 1724 '
224 1721 363 1774 aversam
382 1704 421 1766 ad
440 1704 595 1778 historiam
615 1703 801 1766 scribendam
821 1700 972 1780 attulertt,
992 1702 1119 1765 eandem
1138 1703 1248 1782 megia,
1278 1720 1370 1785 quam
1394 1722 1450 1784 par
1475 1708 1556 1780 erat,
1586 1720 1764 1784 propensam
1784 1700 1944 1761 Eusebiae
1980 1762 1985 1770 ,

223 1805 347 1884 habuit,
373 1809 426 1889 qni
444 1811 565 1888 praeter
583 1806 739 1869 historiam
758 1804 989 1868 ecclesiasticam
1008 1805 1157 1885 singulare
1176 1824 1252 1887 epus
1276 1804 1321 1866 de
1339 1805 1413 1866 nito
1431 1804 1554 1874 sirede
1579 1803 1714 1866 laudibus
1735 1802 1944 1865 Constantini

224 1902 413 1991 consempsit,
431 1905 533 1990 neque
547 1908 604 1984 illi,
625 1909 678 1990 qui
697 1909 761 1990 ejus
780 1906 938 1970 historiam
959 1927 1052 1990 usque
1072 1907 1110 1969 ad
1130 1926 1244 1969 annum
1263 1905 1323 1969 139
1343 1909 1571 1984 continuarunt,
1596 1906 1770 1980 Socrates,
1794 1905 1944 1967 Sozousa·

223 2029 297 2087 nue,
320 2010 559 2086 Haedos-etas,
585 2011 656 2071 satie
675 2009 882 2090 incorruptum
901 2010 1045 2098 iudicium
1065 2011 1097 2070 in
1117 2011 1262 2070 acerrimo
1288 2008 1421 2090 partiam
1441 2009 1541 2070 studio
1559 2010 1722 2088 (imprimis
1743 2009 1780 2069 de
1799 2007 1941 2086 Iuliano)

221 2113 447 2193 praestiterant
489 2112 561 2191 Quo
580 2112 674 2191 magis
694 2117 740 2171 est
764 2110 968 2190 gaudendum,
994 2112 1027 2170 in
1052 2092 1141 2193 parte
1156 2110 1264 2171 saltem
1283 2109 1376 2191 hujus
1392 2110 1523 2191 periodi,
1543 2109 1581 2170 ab
1601 2127 1679 2169 anno
1699 2108 1871 2171 tat-378
1890 2127 1945 2170 aue

222 2221 340 2275 ctorem
359 2234 455 2276 unum
473 2213 610 2274 omnium
629 2211 765 2272 veritatis
784 2210 1083 2272 0101100100100001
1102 2229 1175 2271 rere
1195 2209 1326 2290 antiquis
1345 2209 1405 2270 illis
1424 2210 1612 2273 simillimum
1629 2230 1782 2292 superesse
1801 2211 1943 2272 Amasim

221 2334 302 2377 none
321 2314 554 2376 Marcellinum.
593 2295 1339 2374 ΙοΤο011110101001000001100001101οΝ00000
1365 2311 1940 2395 principatuusqueadVaientisin-
1986 2335 1988 2338 ·
2041 2307 2044 2313 “

219 2418 350 2478 teritum
370 2434 470 2476 rerum
490 2420 640 2496 gestarum
658 2412 750 2474 libros
770 2410 808 2474 31
829 2405 957 2495 scripsit,
977 2432 1014 2474 eo
1033 2412 1154 2495 quidem
1174 2413 1291 2475 ratione
1311 2413 1412 2493 (quod
1432 2416 1558 2476 nimium
1578 2433 1667 2497 scope
1686 2415 1761 2476 mihi
1781 2414 1943 2476 dicendum

222 2538 290 2581 csse
309 2516 428 2597 rideo),
448 2523 561 2599 utque
581 2514 755 2598 procederet
774 2514 890 2595 longius
909 2521 1064 2597 tempore,
1082 2536 1130 2578 eo*
1138 2521 1275 2576 numeret
1295 2518 1477 2595 accuratius,
1497 2518 1676 2598 pracsertim
1694 2535 1770 2597 quse
1790 2519 1865 2599 ipse,
1886 2520 1942 2578 mi·

222 2621 269 2682 les
288 2619 499 2695 0011011000,
526 2618 658 2680 vidisset.
698 2616 794 2698 Huius
813 2613 905 2696 igitur
923 2610 1076 2698 scriptoris
1097 2637 1164 2678 cnm
1187 2615 1225 2678 13
1244 2616 1314 2678 libri
1332 2619 1447 2701 priores
1466 2620 1623 2702 perierint,
1650 2628 1809 2701 supersunt
1829 2617 1868 2681 18
1887 2640 1942 2700 po·

224 2724 381 2799 sterteres,
407 2726 527 2804 praeter
547 2739 582 2781 ea
602 2738 680 2801 qnae
699 2718 848 2801 protessus
867 2726 950 2796 erat,
979 2720 1080 2781 000100
1106 2718 1283 2781 eruditionis
1307 2721 1399 2803 pleni
1439 2720 1502 2783 Sed
1521 2722 1560 2783 ad
1578 2728 1760 2804 postremam
1779 2721 1868 2804 hujus
1887 2741 1939 2804 pc·

223 2825 304 2888 riodi
323 2829 440 2907 partem
460 2828 492 2885 et
513 2821 688 2885 Theodosii
707 2819 869 2904 Imperium
887 2822 987 2883 minor
1006 2828 1051 2884 est
1070 2820 1247 2884 Latinorum
1265 2824 1447 2905 scriptorum·
1465 2826 1565 2907 eopia:
1597 2823 1657 2885 hnc
1677 2824 1848 2887 referendae
1869 2830 1940 2885 sunt

223 2926 412 3008 Symmachi
432 2924 584 3008 epistolae,
603 2925 750 3008 imprimis
769 2924 820 2985 lib.
843 2923 896 3002 10,
918 2944 1044 3006 quarum
1064 2924 1223 3008 plerasque
1242 2925 1409 3008 praelectus
1429 2925 1496 2988 urbi
1515 2926 1554 2989 de
1573 2926 1661 2990 rebus
1681 2927 1803 2989 urbanis
1824 2923 1861 2987 a'd
1880 2926 1942 2987 lm-

223 3037 394 3113 perstarem
414 3028 507 3105 misit,
524 3026 698 3105 Ambrosii,
729 3027 820 3110 episc.
839 3026 1084 3104 Mediolaneneis,
1113 3027 1188 3088 item
1212 3026 1356 3109 epistolae
1372 3023 1413 3092 'et
1438 3030 1535 3091 oratio
1558 3030 1596 3114 de
1616 3029 1701 3091 obitu
1721 3029 1941 3104 Valentiniani,

222 3132 340 3194 Latini
358 3130 485 3193 Paesti
503 3131 702 3212 panegyricus
721 3148 748 3189 a.
769 3128 828 3192 391
850 3129 963 3209 dictus,
989 3130 1101 3193 multae
1120 3136 1275 3212 praeterea
1294 3131 1373 3213 leges
1392 3132 1426 3193 in
1447 3132 1675 3197 theodosiano
1695 3131 1825 3205 codice,
1853 3150 1941 3214 praee

223 3233 424 3297 01000100
446 3231 630 3295 (1011010010
651 3232 829 3314 explicatae.

323 3334 469 3400 Venimus
494 3334 531 3396 ad
558 3334 706 3396 ultimam
731 3342 762 3396 et
786 3335 1018 3397 infelicissimam
1040 3342 1186 3398 aetatem
1205 3334 1328 3419 Imperii
1354 3334 1488 3399 Romani
1511 3336 1725 3399 Occidentalis.
1767 3336 1846 3397 Nam
1867 3355 1937 3397 enm

221 3438 391 3503 Theodosio
411 3444 530 3499 mortno
550 3436 611 3497 duo
629 3434 686 3498 filii
704 3438 790 3518 pueri
810 3457 910 3498 rerum
935 3437 1070 3499 omnium
1094 3438 1229 3517 imperiti
1253 3444 1284 3498 et
1308 3436 1458 3500 imbecillo
1484 3439 1603 3519 ingenio
1628 3438 1757 3522 praedIti
1782 3441 1939 3500 succeseisu

211 3550 301 3619 0001,
321 3549 352 3603 01
371 3541 482 3601 (1101010
499 3538 619 3622 imperii
638 3545 742 3599 contre
762 3557 853 3621 quam
871 3539 924 3601 ille
936 3538 1069 3600 futurum
1086 3544 1269 3619 speraverat,
1289 3538 1489 3603 aemulatione
1502 3540 1669 3604 aulicorum
1687 3517 1766 3604 faita
1780 3548 1858 3604 esset
1870 3561 1936 3624 per·

220 3651 324 3728 petua,
345 3641 567 3718 omniomnis,
589 3651 666 3722 qu'ee
684 3641 839 3724 hueusque
857 3641 1017 3725 prudentia
1036 3646 1067 3702 et
1086 3640 1262 3703 fortitudine
1281 3641 1500 3724 Imperatorum
1524 3650 1679 3727 utcunque
1698 3645 1821 3728 depulsa
1840 3651 1940 3720 erant,

221 3745 322 3808 subito
341 3752 557 3828 proruperunt:
587 3743 706 3805 barbari
726 3750 758 3806 et
776 3743 936 3822 foederati,
963 3745 1016 3826 qui
1040 3742 1153 3806 dadum
1173 3750 1286 3825 quanto
1306 3746 1478 3827 superiore!
1497 3754 1596 3809 meent
1615 3747 1759 3809 Romanis
1779 3748 1935 3809 intellexe-

220 3855 302 3925 0001,
322 3854 353 3909 01
372 3849 444 3909 novi
464 3847 574 3924 hostes,
594 3846 720 3929 praedas
739 3854 771 3908 et
790 3866 875 3929 apros
896 3852 1087 3929 quaerentes,
1113 3846 1283 3928 provincias
1302 3844 1526 3927 occidentales,
1554 3869 1629 3932 quas
1649 3851 1850 3934 opulentiores
1871 3867 1939 3912 esse

221 3950 370 4034 putabant
389 3969 481 4032 quam
500 3948 669 4025 Thraciam,
689 3948 807 4031 saepius
827 3957 915 4013 anteo
935 3949 1160 4032 depopulatam,
1188 3948 1378 4027 invaserunt,
1404 3958 1436 4013 et
1456 3952 1579 4033 singulis
1598 3954 1630 4013 in
1649 3959 1830 4036 potestatem
1851 3953 1934 4013 reda·

222 4054 288 4129 etis,
309 4052 430 4115 tandem
450 4054 541 4115 etiam
560 4051 696 4126 Italiam,
715 4052 851 4114 extincto
870 4054 991 4114 nomine
1009 4051 1222 4134 Imperatorio,
1247 4052 1305 4114 eibi
1323 4073 1430 4137 parere
1450 4062 1617 4137 coegerunt.
1661 4059 1806 4118 Auctores
1828 4058 1936 4116 harum

220 4176 323 4220 rerum
342 4157 432 4239 pauci
451 4162 522 4217 sunt
542 4158 638 4237 (quae
656 4156 723 4237 ipsa
742 4152 828 4226 nobis
847 4173 935 4216 causa
954 4155 1027 4231 init,
1052 4174 1105 4215 eur
1124 4155 1203 4217 hanc
1221 4156 1378 4238 periodum
1399 4158 1619 4220 accuratissime
1641 4155 1850 4239 explicandam
1871 4158 1938 4218 exi

220 4258 440 4337 stimaremus),
459 4277 530 4319 nam
551 4278 590 4320 ex
609 4259 767 4320 universae
786 4256 928 4320 historiae
948 4257 1101 4319 Romanae
1121 4260 1329 4342 scriptoribus,
1355 4280 1424 4322 cnm
1444 4260 1606 4343 Eutropius
1626 4266 1657 4322 et
1678 4258 1815 4322 Victores
1836 4260 1867 4319 in
1886 4279 1937 4320 sn«

217 4363 338 4446 periore
357 4361 480 4445 periodo
500 4360 653 4437 desierint,
672 4358 876 4422 0010000οι0
896 4361 1017 4442 quidem
1037 4360 1088 4422 hie
1107 4361 1145 4422 ad
1163 4370 1264 4444 partes
1283 4382 1392 4425 vocare
1410 4381 1577 4445 possumne,
1597 4365 1709 4447 quippe
1729 4364 1782 4446 qni
1801 4370 1869 4447 post
1888 4363 1938 4422 in«

219 4466 358 4528 stitutum
377 4465 556 4527 divisionem
575 4464 672 4525 solnm
691 4462 765 4548 Imp.
788 4463 952 4526 Orientalis
972 4463 1127 4526 historiam
1146 4473 1357 4547 persequatur,
1379 4484 1436 4527 nec
1458 4465 1576 4529 Oresio
1596 4467 1672 4528 duee
1692 4467 1820 4549 emplius
1841 4483 1934 4546 quam

218 4588 315 4650 usqne
336 4567 374 4629 ad
394 4586 506 4630 annum
525 4565 725 4629 intuamur.
764 4566 835 4628 Jam
853 4588 925 4630 vero
945 4568 1108 4645 Zammac,
1138 4570 1192 4649 qui
1216 4557 1275 4629 hnc
1299 4568 1356 4630 sibi
1375 4575 1587 4650 argumentum
1607 4570 1785 4632 intereuntis
1804 4568 1932 4649 Imperii

217 4669 374 4752 peculiare·
389 4677 565 4752 sumpserat,
585 4670 617 4730 in
629 4669 756 4733 Alarici
775 4670 1014 4752 expeditionibus
1027 4669 1139 4733 Italicis
1160 4671 1303 4748 constitit,
1324 4670 1403 4733 eirca
1423 4670 1615 4734 00000110
1635 4671 1718 4753 (lege
1737 4672 1801 4753 ejus
1820 4670 1934 4731 librum

220 4772 361 4853 quintam
382 4780 413 4835 01
431 4774 512 4834 serti
531 4772 757 4853 fragmentum),
778 4773 935 4850 incertum,
956 4780 1060 4836 utrum
1078 4775 1141 4857 ipse
1160 4774 1347 4859 propositum
1367 4774 1510 4859 perlicere
1529 4776 1709 4856 nequiverit,
1729 4793 1767 4835 00
1789 4775 1935 4857 temporis·

218 4874 644 4944 Ι0010010000100010100011
685 4875 791 4957 ltaque
817 4879 984 4940 maximam
1005 4884 1037 4939 et
1062 4877 1198 4940 ultimam
1223 4897 1355 4961 apeme
1379 4879 1614 4950 Chronicoram
1638 4869 1831 4958 scriptoribus
1857 4877 1935 4958 petie

1433 4986 1494 5014 ⁸⁰
1508 4982 1531 5042 1
