4734 5809
862 520 952 548 -
1014 472 1104 573 ror
1147 392 1256 549 4-

407 724 410 731 ’
491 722 602 794 omnia
622 721 728 793 inrito
756 730 874 792 senatu
901 744 961 828 per
988 720 1150 814 populum
1179 732 1408 828 assequuntur·
1452 720 1540 792 'tum
1567 737 1717 810 senatus,
1751 726 1914 821 imprimis

435 834 439 840 ‘
491 816 621 895 Cicero,
641 810 786 880 validum
808 811 1006 904 praesidium
1026 812 1063 878 in
1087 811 1125 879 0.
1153 808 1300 880 Οοίαυιο
1325 811 1533 905 adolescente
1555 814 1619 882 sibl
1641 814 1805 884 invenisse
1826 816 1914 885 vide·

266 924 281 935 ’·
364 923 377 933 ’
489 916 554 984 tur,
578 902 635 989 dui
659 899 808 968 Caesaris
831 899 1119 994 surorlsnepos·a
1144 914 1264 990 magno
1287 901 1449 968 avuncolo
1477 903 1667 995 adoptatus,
1695 903 1781 972 ludis
1804 903 1914 974 Victo

405 1072 407 1075 .
459 1006 464 1016 ’
490 993 559 1061 riae
582 990 739 1060 iaciendis
761 991 836 1072 (00.
853 987 945 1072 Jul.)
968 988 1150 1081 legatisque
1172 1011 1248 1057 euru
1270 987 1336 1057 lide
1358 988 1539 1057 dividendis
1562 1002 1596 1060 et
1617 990 1748 1083 plebem
1772 1001 1806 1060 et
1827 1002 1913 1062 vete·

489 1104 587 1149 ranos
610 1080 711 1172 patris
734 1079 797 1145 sibi
821 1077 1018 1146 conciliarat.
1063 1077 1130 1145 Bes
1144 1078 1211 1166 jam
1227 1077 1269 1143 ad
1285 1072 1406 1145 bellum
1428 1089 1564 1169 spectat,
1588 1102 1663 1147 eum
1681 1079 1803 1148 Caesar
1819 1080 1914 1148 Octa·

491 1171 607 1238 vienus
628 1167 774 1236 Antonio
803 1166 883 1233 duas
915 1165 1077 1253 legiones,
1110 1165 1261 1232 Martiam
1290 1175 1324 1233 et
1374 1166 1515 1244 nintam,
1544 1190 1571 1234 e·
1590 1169 1814 1237 transmarinis
1842 1191 1914 1261 pro·

492 1258 608 1329 vinciis
631 1255 809 1337 arcessitus,
832 1250 1013 1347 intercipit3
1037 1254 1201 1321 Antonius
1224 1277 1299 1321 eum
1322 1189 1449 1345 reliquo
1473 1255 1669 1322 exercituin
1686 1252 1826 1323 Galliam
1842 1279 1914 1346 pro·

490 1358 601 1438 perat,
626 1344 831 1499 BbBrptum
855 1346 1033 1434 ejecturus,
1062 1364 1206 1435 euinque
1228 1338 1390 1429 Mutinae,
1420 1343 1667 1412 denuntiatione
1689 1356 1823 1419 senatus
1846 1365 1913 1413 non
2002 1405 2004 1408 a

491 1435 625 1505 territus
658 1434 795 1501 osiet.

249 1612 256 1627 ‚
597 1481 725 1589 lrlterea
747 1521 790 1590 tt.
813 1518 1092 1625 Burtusll'raetor
1113 1517 1359 1627 Macedoniam,
1396 1521 1486 1617 prius
1514 1519 1579 1621 sibi
1606 1540 1624 1586 s
1652 1530 1770 1591 senatu
1785 1519 1912 1606 datam,

233 1698 278 1767 43
306 1744 310 1751 =
338 1693 401 1764 711
447 1609 759 1769 000500υὲπῇοᾃ
777 1608 919 1774 llltsriills,
939 1609 1020 1764 13⁶8
1051 1609 1405 1765 ppprmprtgrrcppptplrrb
1434 1695 1477 1766 tt.
1501 1695 1695 1783 Cornutus.)
1740 1694 1827 1765 Cum
1848 1698 1913 1764 An·

488 1790 601 1858 tonius
624 1811 643 1854 a
665 1784 882 1854 Mutina'non
905 1783 1060 1866 discedat,
1083 1808 1192 1876 neque
1213 1787 1299 1853 inter
1322 1810 1398 1852 enm
1419 1808 1459 1853 ae
1480 1797 1632 1854 senatum
1654 1785 1842 1867 conveniat,
1863 1795 1912 1854 tn·
2004 1788 2009 1795 '

354 1871 390 1957 ⁶!
490 1878 613 1945 multus
636 1875 837 1959 decernitur,
860 1871 952 1941 (loss.
977 1896 1052 1941 eum
1076 1873 1114 1939 C.
1139 1872 1280 1942 Caesare
1302 1873 1413 1969 proPr.
1442 1874 1561 1942 eximie
1589 1884 1706 1941 ornato
1729 1874 1911 1953 mittuntur,

340 1939 403 2005 ⁰¹⁰·
491 1967 547 2057 qni
563 1966 703 2032 Brutum
726 1962 824 2030 arnris
840 1962 1019 2028 ‘obsidione
1042 1961 1190 2028 liberent·
1239 1962 1348 2029 Primo
1363 1963 1490 2054 proelio
1508 1961 1614 2029 l'ansa
1635 1961 1775 2045 uincitur
1798 1973 1831 2029 et
1845 1961 1913 2029 vul·

355 2102 392 2155 90
491 2065 639 2129 neratur‚
678 2074 757 2118 mox
782 2060 932 2141 reparato
965 2072 1024 2140 per
1046 2048 1188 2115 Hirtium
1216 2051 1337 2118 &mnu
1366 2051 1517 2117 omnibus
1547 2050 1650 2141 copiis
1680 2051 1719 2117 ad
1752 2048 1911 2118 Mutinam

338 2170 409 2243 nug.
493 2143 567 2225 (16.
584 2136 709 2226 April.)
732 2137 994 2226 congrediuntur.
1039 2138 1202 2206 Antonius
1233 2140 1338 2206 metus
1366 2139 1478 2206 castris
1504 2162 1545 2205 ue
1570 2149 1691 2211 exutus
1715 2140 1748 2203 in
1771 2136 1912 2232 Galliam

377 2246 380 2250 ‘
490 2230 575 2319 fugit
595 2227 636 2294 ad
660 2226 702 2294 Μ.
727 2226 945 2318 Lepidumet
966 2224 1003 2294 L.
1027 2224 1209 2315 Plancum„
1227 2226 1308 2294 ·Sed
1330 2248 1406 2294 euru
1429 2160 1554 2311 Billius
1583 2229 1618 2297 in
1648 2250 1757 2319 pugna
1799 2226 1912 2294 ecidis-

459 2398 461 2401 ,
492 2330 554 2397 set,
578 2315 684 2383 Pansa
707 2337 749 2382 ex
769 2314 905 2382 vnlnere
920 2313 1091 2382 Bononiae
1114 2314 1319 2395 decessisset,
1343 2324 1414 2382 toto
1435 2327 1663 2382 veteranorum
1688 2247 1832 2383 exereltu
1854 2337 1911 2408 po-

491 2407 572 2474 titur
595 2402 726 2481 Caesar,
748 2402 861 2491 ibique
882 2399 1041 2470 subsistit
1085 2402 1128 2468 Ι).
1152 2402 1287 2485 Brutus,
1311 2425 1370 2470 sua
1393 2404 1479 2495 apud
1500 2414 1652 2472 senatum
1675 2402 1777 2495 gratia
1800 2403 1913 2484 tratur,

492 2494 525 2563 ei
547 2517 591 2561 ue
637 2492 814 2559 rovinei'am
836 2491 870 2556 in
910 2489 1045 2575 ediatnr,
1067 2490 1241 2559 interdicit

633 2604 688 2646 um
711 2578 792 2647 baec
820 2577 861 2644 ad
902 2576 1043 2645 latinam
1071 2576 1316 2668 geruntur,.bl.
1339 2577 1460 2647 Brutus
1487 2576 1634 2668 legiones
1663 2578 1697 2647 in
1720 2578 1913 2649 Macedonia

495 2669 627 2754 Vatinio
650 2680 684 2737 et
706 2665 744 2733 Ο.
767 2662 912 2734 Antonio
935 2665 1083 2734 volentes
1106 2666 1252 2751 extorsit,
1276 2664 1393 2734 Cassio
1408 2666 1501 2758 Syria
1527 2690 1543 2731 a
1568 2665 1611 2731 Μ.
1630 2667 1771 2735 Antistio
1790 2668 1914 2753 etSta·
1960 2734 1969 2755 ,-

492 2760 541 2826 tio
570 2758 686 2824 Murco
721 2754 874 2837 traditnr3
912 2753 973 2821 sed
1001 2748 1203 2822 Trebonium
1234 2753 1425 2834 Dolabella,
1460 2777 1520 2845 per
1547 2755 1660 2821 Asiam
1693 2756 1912 2847 proliuiseens,

492 2845 656 2936 Smymae
678 2843 773 2911 loede
796 2852 899 2909 necat
945 2843 1153 2934 Quapropter
1179 2866 1199 2909 a
1221 2853 1338 2910 senatu
1368 2841 1474 2910 hostis
1502 2842 1682 2931 judicatur,
1710 2844 1814 2912 Bruto
1837 2844 1913 2914 Cas·

493 2936 609 3026 sinque
630 2931 828 3024 provinciae,
850 2948 932 3021 quas
954 2931 1080 3023 priuato
1094 2929 1234 2999 consilio
1250 2941 1457 3020 oesuparant,
1481 2930 1702 3019 decernuntur
1723 2932 1821 3013 simul
1837 2956 1918 3002 enm

492 3022 633 3114 imperio
654 3020 942 3087 transmarinarum
966 3021 1124 3085 omniurn.

602 3110 714 3198 ltaque
738 3106 872 3174 Caesar
897 3104 1113 3173 Octauianus
1139 3104 1350 3173 exacerbatus
1373 3128 1449 3174 enm
1476 3106 1622 3174 exercitu
1644 3107 1786 3181 Romam
1807 3132 1914 3178 rever·

493 3197 584 3276 titur,
610 3209 643 3264 et
664 3206 779 3262 senatu
796 3196 967 3285 perterrito
984 3194 1073 3260 etad
1089 3192 1309 3260 adulationem
1325 3194 1479 3285 prolapso
1493 3212 1547 3262 xlv
1564 3194 1634 3279 Cal.
1650 3196 1742 3288 Sept.
1759 3198 1834 3280 (19.
1849 3199 1913 3268 Au·

494 3289 616 3377 pust),
640 3282 766 3350 Consul
789 3304 864 3350 enm
887 3282 928 3366 Q.
951 3280 1052 3349 Pedio
1075 3281 1273 3361 declaratur,
1296 3283 1341 3350 20
1363 3284 1477 3351 aetatis
1499 3305 1596 3350 anno.
1642 3283 1843 3370 Quaestione
1864 3287 1913 3375 in·

493 3376 605 3443 stituta
629 3395 676 3439 ex
698 3371 773 3461 lege
794 3369 910 3437 Pedia
930 3385 1078 3453 omnes,
1106 3393 1222 3438 uorum
1246 3393 1343 3462 opera
1368 3370 1406 3438 0.
1430 3369 1551 3439 Caesar
1573 3372 1701 3441 occisus
1724 3385 1829 3453 esset,
1857 3374 1911 3441 ab·

495 3472 605 3531 sentes
629 3462 832 3536 damnantur,
856 3459 1052 3525 nominatim
1075 3395 1120 3526 ill.
1135 3459 1268 3539 Brutus,
1291 3459 1329 3525 C.
1345 3458 1489 3545 Cassius,
1512 3470 1609 3549 atque
1625 3463 1707 3527 adeo
1723 3461 1800 3530 Sex.
1817 3461 1913 3530 Pom-

494 3554 599 3643 pejus.
647 3548 774 3635 Quibus
797 3547 894 3615 rebus
916 3546 1070 3652 perlectis
1094 3550 1159 3613 'am
1181 3558 1293 3614 eontra
1316 3547 1495 3626 Antonium
1518 3571 1577 3639 per
1600 3549 1638 3628 't‚
1662 3550 1719 3639 qui
1742 3573 1761 3615 a
1784 3548 1827 3619 ll
1851 3549 1913 3619 Le-

448 3680 451 3687 =
495 3642 758 3732 pidosaeeptus,
782 3637 942 3723 adjunctas
965 3572 1253 3703 assimilationis
1276 3636 1393 3725 copiis,
1424 3658 1500 3702 eum
1525 3638 1565 3703 17
1577 3570 1671 3726 5legg.
1684 3637 1797 3730 Alpes
1818 3662 1913 3747 supe·

481 3737 637 3809 ¹raserat,
667 3735 702 3793 et
723 3722 765 3790 Ι).
787 3722 945 3808 Brutum,
967 3746 997 3789 -a
1019 3722 1058 3791 L.
1081 3723 1204 3791 Planco
1228 3734 1262 3791 et
1282 3746 1343 3791 suo
1365 3725 1509 3791 exercitu
1532 3723 1713 3802 desertum,
1742 3727 1913 3821 Aquilepae

496 3827 629 3907 captum
652 3812 756 3881 occidi
777 3815 927 3901 jusserat.
974 3810 1087 3903 ltaque
1108 3818 1184 3879 eum
1208 3814 1368 3879 exereitus
1390 3811 1426 3877 in
1457 3834 1568 3900 agrum
1592 3813 1837 3885 Bononiensem
1859 3816 1913 3884 de·

497 3902 719 3983 scendissent‚
748 3900 949 3992 colloquium
970 3900 1203 3989 imperatnnmr
1232 3899 1424 3967 instituitur:
1460 3901 1681 3991 paciscuntur,
1710 3911 1747 3968 ut
1770 3902 1914 3985 Caesar,
1986 3900 1988 3908 '

497 3990 646 4098 deposito
675 3988 860 4069 consulatu,
890 4011 965 4054 curn
990 3988 1137 4055 Antonio
1161 4000 1198 4055 rt
1226 3984 1358 4074 Lepida
1393 3987 1562 4056 dttumon
1586 3989 1622 4053 iu
1652 3991 1730 4080 quin
1757 3991 1913 4069 nennium

496 4104 581 4168 resp.
603 4077 861 4166 constituendos
882 4076 954 4151 liat,
984 4074 1171 4167 provinciae
1200 4076 1448 4159 distribuantur,
1480 4085 1514 4142 et
1542 4074 1657 4144 relicto
1680 4079 1714 4147 in
1733 4012 1829 4147 ltalia
1852 4079 1913 4149 Le·

496 4170 586 4264 pido,
609 4167 674 4234 duo
697 4186 772 4233 eum
794 4165 919 4233 vicenis
942 4161 1025 4252 legg.
1049 4163 1275 4233 interlectores
1295 4162 1447 4232 Caesaris
1471 4169 1714 4255 persequantur.
1760 4165 1913 4236 Proscri-

523 4259 571 4326 tio
587 4255 800 4333 instauratur,
822 4276 887 4342 qua
908 4250 998 4321 2000
1053 4253 1147 4330 uites,
1171 4254 1240 4321 300
1259 4262 1426 4321 senatores
1443 4251 1639 4320 intersertos
1660 4253 1758 4321 tradit
1774 4256 1912 4349 Appian.

395 4380 407 4397 a
494 4283 660 4416 leit-rin
682 4345 770 4425 dri).
789 4341 894 4409 aletes
915 4340 979 4408 nar
1040 4339 1914 4428 .-st-().&mansanr·(=7.ttee)·‘l'01aeciet

457 4460 459 4467 ’
498 4446 583 4504 tates
605 4432 801 4522 affliguntur,
824 4450 962 4520 quarum
977 4426 1045 4518 agri
1058 4430 1220 4497 veteranis
1237 4429 1456 4516 assignanturr
1480 4427 1759 4534 bonrinumirtgae
1777 4432 1818 4499 'ad
1835 4431 1914 4500 Bru·
2006 4464 2011 4471 i

497 4535 569 4591 turn
587 4524 688 4591 etad
710 4521 905 4610 Pompejum
932 4516 1033 4585 finnts
1070 4518 1210 4608 pecunia
1237 4516 1382 4623 undique
1410 4516 1591 4587 corraditur
1616 4541 1635 4584 a
1658 4517 1851 4613 'llrumviris
1873 4521 1915 4588 ad

498 4611 722 4767 pellumficum
744 4603 935 4679 aduersariis
957 4606 1146 4697 gerendum.
1193 4604 1231 4674 O.
1244 4606 1399 4687 Cainnas
1418 4615 1455 4672 et
1475 4602 1514 4671 P.
1533 4604 1706 4677 Ventidius
1729 4618 1810 4676 extr.
1825 4631 1914 4703 auno

530 4721 593 4766 oss.
640 4709 708 4764 unt.
1151 4726 1152 4735 ¹
1379 4708 1383 4721 '
1543 4718 1560 4735 ··

497 4796 501 4833 ³
604 4782 824 4877 Triumphaut
844 4783 886 4853 Ia.
909 4774 1065 4861 Plancus
1091 4783 1133 4850 de
1154 4780 1278 4865 Gallis,
1306 4768 1356 4875 M.
1380 4779 1542 4869 Lepidus²
1558 4781 1601 4848 de
1623 4778 1803 4875 Hispanis,
1830 4781 1915 4854 Galli

407 4908 413 4917 ·
501 4866 651 4965 cisalpini
680 4873 800 4962 adjus
827 4873 973 4963 reliquae
1002 4869 1115 4939 ltaliae
1142 4869 1372 4969 traducuntur,
1406 4880 1447 4963 ut
1465 4867 1556 4936 ltalia
1584 4892 1690 4961 nsque
1716 4871 1917 4941 adamnani

464 5010 467 5015 >
500 4962 711 5034 Formionem
729 4961 817 5030 ultra
838 4960 995 5054 Tergeste
1018 4960 1221 5033 extendatur.
1272 4968 1278 4977 '
1444 4962 1518 5114 “w
1614 4970 1630 4995 ¹·
1800 4998 1804 5007 ·
