4734 5809
903 496 1280 594 *11*
1358 547 1387 564 .,

263 740 427 824 Xanthus,
450 739 586 811 ultimus
608 726 888 824 Thebarum-rurs,
910 764 928 808 s
951 738 1119 810 Matho
1140 726 1219 831 rege
1240 693 1499 839 hth..occiditnr
1525 790 1536 812 .
1623 792 1765 817 .....
1809 659 1969 852 mlclhdll
2009 805 2011 812 .

240 874 276 942 2.
310 873 464 944 Danaus
485 875 534 942 Ae
556 873 666 966 yptins
694 898 713 942 e
736 871 886 942 Chemmi
908 872 1013 963 Argos
1043 872 1173 942 venisse
1204 894 1281 940 cum
1303 873 1497 944 sostratus
1526 884 1560 944 et
1576 891 1724 967 'regnum
1747 904 1765 947 a

107 975 113 980 ·
243 957 253 966 ’
311 962 473 1032 Gelauore
496 897 627 1030 volente
650 961 815 1055 accepisse
840 962 951 1038 lemur,
974 984 1039 1029 sec
1050 959 1170 1030 Euseb.
1194 982 1281 1028 anuo
1305 972 1381 1030 ante
1396 962 1530 1055 'l'rojam
1554 976 1683 1058 captam
1700 966 1764 1040 291
1834 969 1921 1048 1475
2014 1045 2017 1054 ,

265 1049 454 1117 Succedunt
475 1050 506 1116 ei
530 1050 696 1139 museus,
718 1074 819 1153 gener
840 1074 899 1142 per
920 1048 1223 1142 Hypermestram,
1247 1059 1282 1118 et
1302 1045 1399 1139 hujus
1422 1050 1445 1118 f.
1467 1050 1576 1120 Abos.

265 1137 403 1206 Abantis
424 1135 484 1203 filii
507 1139 629 1225 gemini
651 1138 806 1206 Acrisius
829 1149 862 1206 et
883 1135 1032 1205 Proetus
1054 1160 1129 1205 cum
1153 1136 1240 1204 hello
1264 1146 1459 1217 certassent,
1481 1138 1620 1206 Proetus
1643 1141 1767 1230 ejectus

310 1227 351 1293 ad
375 1224 509 1291 lobeton
528 1225 645 1315 Lyciae
667 1222 779 1314 re'gem
793 1224 887 1316 fugit,
910 1227 980 1316 ejus
997 1223 1099 1293 liliam
1114 1223 1359 1294 Stheneboeam
1376 1249 1513 1294 uxorem
1536 1226 1639 1312 duxit,
1663 1233 1697 1296 et
1719 1253 1766 1298 re·
1874 1243 1878 1252 “

309 1335 423 1381 versus
444 1310 638 1402 Tirynthenr
662 1313 777 1380 urbem
801 1323 900 1380 tenet

202 1455 209 1466 .
265 1398 382 1470 Acrisii
404 1423 508 1505 nepos
532 1424 573 1467 ex
596 1397 660 1467 lilia
683 1400 799 1468 Danae
822 1401 980 1479 Perseus,
1001 1419 1077 1469 curn
1100 1420 1197 1469 arum
1218 1398 1383 1469 Acrisium
1414 1398 1536 1469 invitus
1559 1399 1709 1471 Larissae
1730 1404 1767 1471 in

309 1486 479 1556 Thessalia
504 1485 585 1557 disci
606 1492 694 1580 jactu
716 1488 942 1570 interfecisset,
966 1489 1147 1557 mutatione
1178 1489 1263 1557 lacta
1294 1511 1369 1556 cum
1391 1485 1626 1581 lllegapenthe,
1656 1489 1768 1558 Proeti
1824 1545 1828 1558 ,

309 1573 388 1658 lilio,
413 1575 460 1643 illi
483 1577 586 1666 Argos
609 1577 770 1658 concedit,
793 1577 865 1669 ipse
887 1576 1081 1664 Tirynthcm
1105 1588 1213 1654 tenet,
1235 1576 1381 1644 Mideam
1402 1573 1623 1667 lilycenasque
1646 1579 1767 1646 condit.
1818 1575 1823 1582 ’

265 1664 378 1732 Persei
399 1665 540 1732 liliorum
563 1666 645 1732 alter
665 1665 817 1736 Alcaeus
837 1663 1015 1760 Tirynthe,
1045 1664 1127 1734 alter
1148 1663 1329 1734 Sthenelus
1350 1663 1499 1755 Mycenis
1521 1676 1675 1754 regnaut,
1705 1676 1769 1734 ter·
1810 1737 1814 1754 ,

310 1751 375 1819 tius
396 1752 584 1843 Electryon
605 1753 747 1820 lllideae.
1222 1809 1225 1815 Α

266 1838 351 1907 Cum
366 1839 507 1908 Alcaeus
530 1842 620 1932 prior
640 1852 789 1907 mortuus
812 1845 909 1919 esset,
932 1837 1109 1907 Sthenelus
1133 1838 1240 1907 fratris
1255 1838 1360 1906 filium
1373 1836 1651 1929 Amphitryonem
1666 1863 1768 1931 reguo

309 1928 455 2016 expellit,
478 1928 633 2018 lllyceuas
656 1939 690 1995 et
712 1927 906 2020 'Pirynthem
932 1926 1004 2019 ipse
1032 1937 1141 2011 tenet,
1168 1924 1314 1994 lllideam
1341 1926 1453 1994 uxoris
1481 1925 1638 2018 Nicippes
1666 1928 1770 1996 fratri-¹

310 2013 372 2083 bus
395 2018 493 2084 Atreo
518 2026 551 2081 et
572 2014 736 2105 'l'hyestae
759 2015 863 2081 tradit.
1392 2021 1397 2030 '
1745 2029 1753 2044 '

264 2097 494 2208 Amphitryoui
517 2101 641 2169 'thebis
665 2123 707 2169 ex
728 2102 899 2182 Alcmena,
921 2099 1129 2203 Electryopis
1149 2100 1184 2184 i,
1207 2098 1351 2167 nascitur
1372 2097 1542 2168 Hercules
1562 2148 1768 2171 .......
1905 2183 1907 2185 v

264 2185 1341 2433 s,tztttttttt‘tttdttttlttpltl‘atlttlthttftaa
1363 2293 1502 2362 regam
1523 2234 1695 2366 aptam
1717 2293 1768 2344 a

331 2392 339 2432 r
364 2377 389 2433 rt
412 2390 428 2432 r
441 2408 1768 2432 ·········································

265 2388 519 2544 Hyllusuautem
544 2450 615 2540 ipse
645 2448 803 2516 occiditur
826 2447 867 2513 ab
889 2446 1036 2528 Echemo
1058 2469 1135 2534 rege
1156 2447 1397 2538 Tegeatarum,-
1412 2445 1504 2514 socio
1525 2446 1768 2541 Pelopidarum,

311 2564 382 2697 ἕω
405 2539 491 2606 facto
509 2536 712 2618 Heraclidae,
735 2534 875 2602 induciis
900 2534 1002 2616 luctis,
1026 2536 1113 2627 pacti
1130 2533 1281 2603 dicuutur
1303 2533 1479 2603 intrs'100
1500 2557 1604 2604 anuos
1626 2559 1701 2605 sese
1722 2560 1770 2605 re·

359 2628 431 2695 uin
446 2625 713 2718 Peloponnesum
735 2623 909 2691 destituros
932 2672 942 2689 .
962 2649 965 2653 “
965 2671 1472 2692 ................
1486 2682 1488 2686 ,
1496 2672 1769 2692 .........

267 2717 396 2786 luteres
425 2713 522 2802 Argis
551 2719 629 2804 post
652 2710 905 2865 Meyapenthem
932 2720 1048 2813 regnat
1075 2709 1295 2798 Anaxagoras.
1343 2708 1531 2801 lspsrtem
1557 2709 1771 2778 Aeolensium

313 2828 388 2874 cum
411 2801 517 2872 Neleo
540 2825 568 2868 e·
582 2798 708 2867 'l‘hessa
725 2822 753 2866 ra
777 2798 998 2890 profectorum
1020 2821 1055 2862 m
1079 2798 1263 2879 civitatem,
1290 2820 1476 2886 eorumque
1497 2798 1597 2867 duces
1617 2797 1771 2867 Biantem

314 2904 348 2960 et
369 2889 489 2959 Melam
517 2890 625 2966 odem,
647 2885 733 2954 filios
744 2885 807 2953 Am
833 2884 972 2966 thaonis,
996 2885 1031 2953 iu
1053 2909 1087 2951 re
1135 2887 1146 2952 i
1168 2886 1412 2954 consortionem
1433 2886 1568 2976 recepit

268 2979 395 3049 Biantis
418 3001 459 3046 ex
512 2999 578 3054 ero,
600 2971 696 3042 Nelei
721 2973 754 3068 l,
783 2907 916 3041 uhtaus
936 2973 1040 3054 filius,
1099 2969 1165 3045 alai
1183 2974 1374 3047 Adsuetus,
1402 2972 1681 3065 Parthenopaeus,
1702 2972 1771 3042 Με-

271 3111 282 3134 ,
312 3068 445 3224 gpteus,
466 3062 624 3219 Eriplpyqle
646 3066 750 3147 (uxor
770 3060 972 3154 Amphiarai,
995 3060 1053 3153 qui
1075 3060 1137 3129 luit
1156 3058 1569 3158 pronepos'lllelampodis,
1591 3061 1656 3150 vids
1670 3060 1769 3131 Hom.

387 3177 429 3223 ss
455 3157 507 3235 15,
624 3198 633 3216 .
840 3218 841 3221 ,
1029 3221 1032 3232 ,

268 3178 426 3313 Adraslus
440 3240 524 3308 filias
540 3153 674 3328 Argiam
687 3235 851 3329 Polynici,
872 3234 940 3306 De'i
962 3235 1039 3326 ylen
1053 3234 1180 3329 Tydeo,
1195 3235 1302 3306 Oenei
1319 3233 1401 3319 filio,
1422 3247 1563 3326 nuptum
1579 3236 1646 3304 dat.
1684 3231 1770 3304 Cum

312 3329 400 3400 filius
423 3328 597 3419 Aegialeus
619 3329 654 3393 in
677 3325 767 3394 hello
789 3322 894 3392 Theb.
918 3261 1020 3395 altero
1042 3325 1264 3407 occubuisset,
1370 3361 1375 3378 ι

270 3415 471 3500 Diomedes,
490 3415 598 3507 'Pydei
617 3413 717 3494 lilius,
740 3413 836 3482 ducta
857 3412 893 3479 in
913 3407 1160 3482 matrImonium
1177 3411 1345 3502 Aegialeo,
1366 3408 1516 3499 Aegislei
1536 3408 1615 3493 filiu,
1639 3405 1770 3499 Argivis

313 3509 350 3576 iu
371 3505 461 3575 hello
482 3503 627 3595 Trojano
649 3511 789 3595 praeest.
1031 3541 1035 3542 ν
1276 3527 1278 3534 ·
1664 3565 1666 3570 ,

168 3627 178 3636 ’
248 3641 283 3712 3,
316 3637 446 3730 Pelops
468 3660 510 3706 es
531 3631 611 3703 Asia
632 3631 691 3719 (Si
736 3628 792 3717 lo)
813 3628 926 3700 Pisum
946 3629 1039 3702 veuit
1059 3629 1101 3700 ad
1116 3629 1341 3718 Oenomaum,
1364 3628 1457 3719 cujus
1481 3625 1584 3694 filiam
1604 3624 1771 3719 Hippoda-

314 3727 417 3798 miam
438 3748 535 3793 curru
558 3721 692 3807 (fraude
749 3718 859 3811 yrtili)
880 3717 1001 3796 victam
1021 3719 1058 3788 iu
1082 3719 1330 3790 matrimonium
1351 3715 1456 3799 ducit,
1477 3725 1521 3783 et
1540 3737 1677 3805 regnare
1699 3737 1771 3784 coe·

315 3814 366 3909 pit
386 3815 423 3882 iu
442 3812 675 3904 Peloponneso
698 3809 739 3876 ab
763 3831 804 3876 eo
826 3803 912 3876 dicta
935 3851 1376 3877 ..............
1397 3819 1399 3828 ’
1400 3849 1771 3872 ............

272 3897 353 3994 Ejus
379 3900 523 3969 filiorum
546 3897 707 3967 Pittheus
727 3895 898 3964 'lhoeuene
919 3906 1044 3986 regnat,
1070 3894 1195 3963 Atreus
1216 3903 1251 3961 et
1265 3891 1440 3982 'Thyestes
1464 3889 1609 3985 primum
1628 3887 1769 3971 lllideue,
1878 3910 1882 3918 ·
1959 3896 1963 3905 '

317 3989 436 4059 deinde
457 3988 492 4055 iu
501 3983 678 4076 Eurysthei
699 4000 836 4073 reguum
853 3982 1065 4073 Mycenarum
1086 3978 1254 4051 affinitatis
1275 3983 1347 4072 jure
1368 3982 1468 4065 (cum
1482 3977 1633 4069 Nicippe,
1658 3998 1772 4047 eorum

317 4091 420 4160 sor'or,
441 4074 618 4166 Eurysthei
640 4082 745 4140 mater
767 4075 874 4156 esset)
897 4069 1086 4139 succedunt·
1766 4125 1770 4132 .

275 4163 366 4238 Atrei
387 4189 431 4234 ex
452 4165 580 4256 Atrope
603 4159 737 4244 (Catrei
757 4157 781 4226 t.
803 4157 925 4227 Minois
946 4181 988 4234 ne
1012 4161 1066 4242 te)
1093 4154 1157 4226 filii
1178 4153 1351 4243 (nonnulli
1376 4164 1515 4246 nepotes
1537 4150 1650 4219 dicunt
1669 4149 1772 4218 fuisse

319 4263 354 4324 et
363 4251 541 4322 Plisthenis
563 4248 670 4332 filios)
683 4247 717 4317 A
741 4268 918 4315 ameumon
941 4257 973 4315 et
1026 4244 1166 4315 enelous
1181 4238 1710 4394 majorem-Peloponnesipartem
1725 4249 1771 4307 te-

318 4350 412 4418 uent,
426 4337 693 4431 quandoquidem
745 4334 879 4405 enelaus
889 4334 1027 4428 Spartae
1040 4343 1163 4423 regnat,
1173 4332 1340 4423 'l'ynderei
1349 4331 1437 4422 regis
1448 4328 1515 4396 fihs
1526 4326 1579 4395 He
1592 4349 1653 4395 ens
1664 4325 1771 4394 ducta.

274 4430 513 4522 Agamemnon,
534 4426 635 4516 Troja
656 4434 750 4515 capta
772 4444 937 4502 reversus,
966 4421 1044 4491 dolo
1064 4418 1222 4512 Aegisthi
1244 4420 1419 4512 pahuelis,
1445 4415 1611 4508 Thyestae
1633 4413 1709 4498 filii,
1737 4424 1774 4481 et

320 4516 600 4600 Clytaemnestrae
621 4509 768 4600 conjugis
790 4508 983 4578 interficitur
1005 4558 1214 4580 .......
1224 4537 1232 4548 ·
1237 4550 1772 4578 .................
1840 4503 1925 4576 1183

275 4605 344 4678 Sed
366 4627 445 4673 eum
465 4601 632 4670 ulciscitur
657 4597 796 4669 Orestes
817 4581 905 4690 apud
922 4597 1115 4692 Strophium
1128 4596 1347 4675 Phocensem,
1365 4594 1485 4663 amitae
1506 4591 1671 4674 maritum,
1695 4587 1772 4658 edu-

261 4699 753 4859 resarsurum
770 4735 919 4844 aum
940 4735 1115 4856 aaa
1133 4735 1181 4878 a
1202 4731 1380 4865 aaran
1401 4729 1542 4860 auu
1560 4725 1772 4858 artatas
1838 4681 1926 4750 1¹⁷⁶

324 4867 471 4970 adjungit
489 4865 691 4933 Laconicum
714 4874 748 4930 et
763 4864 929 4953 Argivum,
952 4864 985 4931 di
1053 4886 1073 4931 e
1094 4861 1233 4930 telrcrter
1251 4870 1369 4949 'regnat
1388 4881 1495 4950 usque
1516 4856 1559 4924 ad
1580 4880 1598 4923 s
1601 4900 1772 4922 ......
1783 4871 1788 4880 '
1840 4857 1927 4927 1126

276 4955 357 5050 Ejus
378 4955 466 5048 fihus
488 4964 714 5050 etruscessor
739 4950 938 5021 llsomenur
958 4885 1203 5032 allllmadidis
1224 4948 1339 5042 pulsus
1371 4993 1512 5015 .....
1512 5033 1534 5098 2
1536 4993 1580 5058 Ἀ,
1600 4987 1774 5010 ······
1833 4946 1928 5016 utut
