4734 5809
295 695 303 702 ·
657 665 661 674 '
1657 663 1758 730 aChr.
1801 668 1839 728 01

218 752 416 830 ammes
447 772 506 823 rex
533 749 653 825 Laced
681 752 834 846 injuriam
854 753 982 824 nimius
1010 749 1328 847 Peloponnesiorum
1361 763 1396 823 et
1417 749 1617 823 Boeotorum
1838 686 1912 752 m

265 842 531 914 Chalcidensium
580 842 733 936 eeopias
749 844 902 914 adversus
918 841 1139 912 Athenienses
1161 841 1343 924 dnsit'sed
1365 864 1441 910 cum
1455 841 1615 935 relinque

262 942 354 1002 retur
375 956 393 1000 a
416 930 514 1001 sociis
566 931 715 1000 orinthiis
744 942 779 1001 et
804 931 846 999 ab
874 933 948 1026 ipso
970 930 1148 1002 Demarato
1170 929 1297 1021 collega
1320 928 1505 1016 (Aristonis
1532 930 1616 1000 falso

262 1018 365 1106 filio),
387 1019 550 1089 exercitus
570 1018 725 1089 dilabitur
757 1066 1616 1088 ...........................
1675 1018 1741 1089 504
1818 1020 1895 1106 69,1

217 1104 332 1264 Mppul
329 1106 548 1177 Athenienses
578 1107 724 1177 Boeotos
757 1107 974 1191 ulciscuntur,
1010 1116 1044 1176 et
1072 1105 1307 1176 Chalcidenses
1339 1128 1491 1197 agrorum
1524 1118 1617 1199 parte
1832 1117 1837 1122 ’

217 1280 417 1442 meli*
440 1282 566 1352 morati
587 1305 607 1350 a
628 1281 812 1368 Thebanis,
833 1280 977 1355 Atticam
998 1292 1143 1355 amunta
1176 1282 1256 1356 inde
1282 1281 1397 1352 odium
1418 1281 1505 1352 inter
1526 1280 1618 1374 ipsos
1692 1299 1726 1348 .‘

265 1377 349 1443 etA
386 1371 549 1442 menses.
1170 1403 1174 1406 2

100 1593 110 1603 ·
185 1520 210 1621 Ἰ·
264 1568 436 1642 Personas
457 1570 576 1656 rnna,
597 1523 826 1640 historicorum
847 1569 1071 1640 monumentis
1092 1511 1263 1653 illustrata,
1287 1523 1419 1640 abellis
1432 1567 1585 1641 Persicis

201 1673 205 1681 “
400 1682 535 1754 «usqne
557 1660 600 1728 ad
619 1680 766 1752 pugnarn
786 1658 873 1750 apud
896 1657 1256 1729 Chaeroneam-338
1278 1681 1309 1725 a.
1324 1656 1402 1726 Chr.
1443 1713 1445 1718 .
1560 1667 1561 1670 ’

218 1806 357 1900 Hippias
379 1807 504 1898 abjecta
526 1830 587 1900 spe
606 1806 730 1884 reditus
752 1805 910 1874 auxilium
931 1806 1015 1962 petit
1036 1808 1077 1877 ab
1100 1805 1313 1898 Artapherne,
1336 1806 1449 1876 Ioniae
1471 1817 1618 1898 satrapa:
1701 1832 1704 1844 ¹

265 1908 379 1966 eontra
401 1894 618 1966 Athenienses
640 1906 675 1964 et
694 1891 898 1964 Eretrienses
920 1918 1023 1964 casse
1046 1896 1200 1966 ad‘uvent
1221 1896 1443 1987 Aristagoram
1465 1906 1499 1965 et
1521 1894 1617 1963 lones

265 1983 416 2068 rebelles,
439 1983 560 2052 Sardes
573 1984 744 2051 insensata
768 2006 834 2073 quo
856 1987 943 2051 anno
955 1982 1084 2076 Aesehy
1099 2008 1135 2052 us
1157 1983 1341 2076 tragoedias
1367 1983 1485 2052 docere
1509 1983 1618 2073 eoepit
1675 1981 1741 2052 499
1820 1985 1900 2072 703
1997 2033 2000 2046 ·

219 2071 364 2149 Miletus
384 2072 511 2165 capitur
532 2082 626 2140 sexto
648 2081 724 2161 post
751 2069 968 2139 delectionem
995 2073 1083 2139 anuo
1105 2069 1332 2161 (Phrynichus
1354 2069 1498 2160 tragoed.
1520 2062 1616 2149 Μιλή-
1921 2089 1923 2100 ·

264 2182 324 2229 too
343 2150 464 2224 ἕλωσιν
484 2181 553 2226 nou
574 2157 681 2224 multo
702 2165 780 2247 post
800 2156 917 2242 docet)
958 2204 1615 2225 .....................
1674 2154 1740 2226 494
1817 2161 1895 2248 71,3

218 2248 318 2328 Novo
338 2270 416 2314 vere
436 2246 610 2313 Persarum
631 2242 745 2311 classis
767 2253 893 2311 eeteros
915 2242 1055 2312 rebelles
1083 2243 1275 2335 insulasque
1297 2241 1434 2324 Chium,
1458 2240 1615 2319 Lesbum,

265 2333 438 2406 Tenedum
450 2332 491 2399 ad
502 2331 703 2399 deditionem
714 2330 827 2421 adigit,
847 2330 1040 2410 Miltiades,
1062 2329 1212 2400 Cimonis
1226 2330 1323 2415 filius,
1347 2355 1388 2400 ex
1399 2329 1616 2424 Hellesponto

267 2420 413 2493 Athenas
434 2419 521 2488 redit
529 2464 1615 2489 ..................................
1674 2418 1741 2489 499

221 2503 414 2583 Mardonius
439 2507 615 2576 Persarum
642 2505 710 2573 dux
731 2504 765 2573 in
788 2504 919 2598 Europa
949 2504 1075 2574 bellum
1100 2507 1200 2598 gerit,
1226 2505 1456 2576 Macedoniarn
1475 2506 1616 2598 imperio

266 2598 353 2687 regis
375 2594 523 2685 adjungit
559 2639 961 2663 ·············
977 2642 1000 2700 4
1018 2641 1616 2663 ...................
1675 2594 1742 2678 499
1802 2649 1806 2656 .

296 2686 357 2754 atis
379 2707 398 2751 a
421 2683 531 2751 Dareo
554 2681 665 2750 missis
680 2679 832 2773 plerique
854 2680 996 2749 insulam
1024 2691 1059 2751 et
1078 2687 1158 2753 v'ero
1181 2683 1280 2751 etiam
1302 2680 1481 2775 Aeginetae
1503 2705 1540 2752 se
1562 2683 1616 2751 de·

292 2772 388 2841 itioni·
406 2782 537 2865 paratos
559 2768 745 2852 ostendunt,
768 2769 868 2838 ceteri
890 2768 1015 2848 Graeci
1029 2792 1096 2839 non
1118 2780 1235 2864 parent
1245 2818 1616 2839 ............
1673 2771 1739 2842 491

135 2923 138 2928 a
223 2861 460 2938 Dassaretas,
486 2881 545 2928 rex
566 2858 721 2964 Spartae,
753 2857 867 2925 fraude
889 2855 1078 2927 Cleomenis
1109 2859 1308 2929 vitiosorum<
1329 2856 1490 2927 natalium
1519 2879 1617 2927 cansa

269 2949 357 3040 regia
380 2947 536 3038 dignitate
557 2955 719 3039 privatus,
746 2956 781 3012 et
805 2967 892 3014 nora
912 2947 1110 3016 contumelia
1139 2946 1289 3028 affectus,
1320 2946 1361 3014 ad
1382 2945 1500 3016 Perses
1521 2945 1616 3038 tagit,

213 3055 221 3068 ⁴
268 3059 349 3105 mox
371 3036 564 3103 Cleomenes
584 3034 706 3101 ruentis
727 3031 836 3102 lurore
858 3045 1025 3125 correptus
1046 3036 1162 3105 semeti
1188 3058 1225 3103 se
1246 3035 1427 3104 obtruncat

224 3124 334 3281 Regep
355 3122 607 3280 Lapedaemorpp¹
624 3120 709 3276 ξιιπῖιι
728 3119 976 3226 'Leotychidem
1006 3135 1150 3212 agnatus
1199 3124 1347 3207 emerati,
1377 3129 1413 3192 'et
1432 3119 1619 3207 Leonides,
1677 3211 1740 3282 49¹
1819 3209 1898 3284 m

283 3234 408 3281 raere
467 3234 546 3280 enen
610 3233 627 3278 e
684 3232 755 3277 ems
771 3257 1523 3282 ........................
1536 3250 1555 3278 ·.
1578 3260 1620 3279 ..

226 3300 355 3380 Interea
376 3233 502 3367 bclldm
524 3299 610 3366 inter
630 3296 848 3366 Athenienses
870 3308 905 3367 et
925 3298 1101 3390 Aeginetae
1128 3322 1249 3391 magno
1277 3300 1391 3369 ardore
1415 3297 1479 3368 aad
1500 3310 1620 3366 eventu
1865 3264 1875 3297 ’

263 3385 369 3455 'dubio
389 3388 513 3479 geritur
533 3381 631 3471 (Her.
646 3386 773 3470 6,-88.)

226 3475 323 3547 Datis
346 3486 380 3544 et
401 3474 639 3567 Artaphernes,
667 3471 748 3560 regii
769 3482 935 3564 satrapae,
969 3472 1109 3542 collecto
1131 3472 1277 3541 exercitu
1299 3482 1334 3541 et
1355 3470 1460 3541 classe
1482 3471 1551 3542 600
1565 3494 1618 3538 na·

270 3564 372 3642 vium,
394 3562 497 3630 Samo
519 3560 777 3655 proficiscuntur,
799 3559 929 3628 Naxum
952 3560 1138 3641 devastant,
1164 3559 1325 3632 Eretriam
1346 3559 1381 3628 in
1403 3559 1537 3646 Euboea
1559 3584 1622 3652 per

97 3681 102 3688 ·
205 3713 210 3732 ,
270 3649 491 3745 proditionem
513 3649 655 3742 capiunt,
678 3658 713 3715 et
734 3636 853 3753 Hippia
875 3648 959 3717 duce
981 3649 1016 3716 in
1039 3649 1186 3736 Atticam,
1202 3647 1376 3739 trajiciunt
1420 3647 1488 3716 Sed
1510 3647 1619 3715 deviu-

167 3747 170 3756 ’
272 3746 390 3807 eantur
411 3739 446 3805 in
469 3760 585 3830 campo
600 3734 827 3842 Marathonio
850 3737 892 3804 ab
907 3735 1163 3807 Atheniensibus
1184 3740 1282 3823 (com
1304 3736 1396 3804 mille
1410 3734 1618 3841 Plataeenn)

272 3827 356 3895 duce
382 3825 548 3910 Miltiade,
581 3828 675 3914 cujus
701 3834 857 3895 metonae
884 3824 1058 3926 sollemnia
1087 3835 1201 3918 postea
1229 3826 1260 3893 6.
1289 3822 1538 3918 Bobdromronrs
1565 3825 1620 3910 due

229 3926 413 4085 nltttltt
440 3962 520 4069 tta
536 3960 873 4103 amttam·
894 3962 968 4068 nt
991 3961 1165 4093 ·,tsn‚·
1187 3959 1424 4093 :ants
1448 3960 1620 4069 nun
1676 3913 1743 3984 ⁴⁹⁰
1819 3913 1898 3999 ⁷²³
1975 3947 1978 3958 ’

235 4089 412 4251 mnia
434 4090 606 4156 damnatur
626 4109 665 4153 ao
685 4099 824 4155 moratur
833 4136 1619 4157 .........................
1676 4088 1743 4159 489
1820 4088 1900 4174 724
2037 4147 2040 4153 .
2189 4173 2193 4184 Ι

339 4176 476 4246 istocles
504 4188 538 4246 et
564 4175 735 4254 Aristides
762 4176 871 4258 (arch.
900 4199 1053 4282 eponym.
1082 4175 1135 4242 lll.
1155 4176 1257 4261 724)
1284 4174 1416 4244 aemuli.
1460 4174 1620 4244 Aristides

267 4266 476 4335 ·0stracismo
496 4264 532 4331 in
554 4261 690 4331 exilium
711 4261 851 4332 mittitur
871 4264 996 4348 (tribus
1017 4274 1094 4357 post
1114 4265 1209 4333 annis
1230 4267 1422 4347 revocatus)
1449 4311 1620 4331 ......
1676 4263 1743 4335 483
1818 4266 1898 4353 743

230 4352 471 4441 'l‘heuaistoeles
493 4351 604 4438 (areb.
626 4374 721 4442 epon.
743 4349 797 4420 01.
813 4351 913 4435 tta)
940 4353 1026 4421 inter
1050 4355 1205 4430 continua
1232 4352 1318 4422 bella
1347 4374 1421 4418 sum
1451 4350 1620 4441 Aeginetis
1999 4359 2004 4370 '

274 4443 353 4510 dum
376 4440 500 4509 civibus
521 4440 590 4508 suis
617 4440 748 4520 suadet,
780 4450 819 4507 nt
847 4462 888 4508 ex
913 4440 1071 4518 reditibus
1095 4439 1288 4508 Lauriornm
1310 4439 1518 4507 metallorum
1539 4438 1621 4507 clas

274 4553 345 4599 sem
367 4530 436 4599 900
456 4527 588 4597 navium
612 4527 763 4608 efficiant,
784 4527 928 4597 subsidia
950 4527 1029 4595 balli
1050 4528 1173 4597 Persici
1197 4538 1376 4621 praeparat

231 4616 269 4690 ln
330 4628 405 4685 ente
428 4616 513 4683 lama
540 4614 620 4684 belli
642 4614 838 4685 Graecorum
866 4617 1031 4686 civitatum
1058 4616 1234 4685 concilium
1261 4616 1296 4682 in
1324 4613 1449 4683 lsthmo
1470 4612 1621 4696 habetur,

290 4706 375 4809 egati
394 4705 568 4772 mittuntur
589 4702 711 4795 Argos,
739 4702 934 4796 Corcyram,
961 4704 1109 4787 Cretam,
1139 4715 1173 4773 et
1199 4704 1241 4771 ad
1263 4701 1423 4772 Gelonem
1444 4714 1506 4793 tyr.
1529 4703 1624 4794 syra-
1680 4791 1742 4860 m
1821 4791 1899 4859 m

274 4814 403 4862 cussum
419 4837 1623 4862 ......................................
1868 4840 1877 4867 ,

234 4881 373 4952 Xerxes
394 4902 470 4946 cum
493 4878 618 4968 ingenti
640 4880 783 4948 exercitu
804 4881 911 4971 primo
932 4903 1009 4949 vere
1024 4879 1179 4949 Sardibus
1204 4891 1325 4960 movet,
1342 4878 1573 4947 Macedoniam
1590 4889 1624 4947 et
1680 4879 1748 4950 480
1823 4881 1900 4960 74,4

277 4968 484 5038 Thessaliam
505 4965 602 5050 facile
623 4967 769 5056 subjicit,
799 4989 875 5037 eum
897 4969 1096 5084 Graecorum
1118 4970 1280 5038 exercitus
1308 4978 1461 5037 terrester
1486 4968 1623 5123 {ufibm
1788 4968 1924 5068 Ἦ
