4734 5809
1126 386 1592 536 -sos-ss-

757 685 822 755 sid.
845 683 987 791 Appitn.
1009 682 1087 751 bell.
1109 681 1170 753 dis.
1195 684 1227 768 0,
1250 682 1304 757 Μ.
1348 680 1614 757 baexrtsibuisia
1634 676 1941 771 ttndsatiitertur,
1964 697 2003 755 nt
2023 684 2176 759 &maris

759 774 902 843 absentas
924 772 1007 841 ratio
1029 771 1063 839 iu
1075 771 1261 839 caarutnu
1278 771 1430 861 petendo
1441 770 1628 842 babeam·
2054 810 2060 829 ·

728 920 730 927 ,
844 860 927 928 .Cn.
948 858 1268 949 PampcjiCcnsulis
1280 859 1381 948 rlupea
1393 859 1444 947 de
1455 862 1543 950 p'nre
1557 857 1814 947 magistratuum,
1838 871 1872 929 et
1893 861 1934 929 de
1947 866 2105 954 ttempire
2119 887 2175 957 pa·

758 947 860 1019 tronis
883 970 1053 1014 causarum
1074 946 1262 1017 deliniendo
1283 947 1439 1017 feruntur.
1463 946 1602 1019 ‘Cicero
1622 947 1665 1017 de
1686 945 1813 1036 legibue
1835 948 1956 1018 scribit.
2055 1002 2060 1011 .

863 1032 1049 1108 lucania
1071 1032 1104 1101 b.
1119 1057 1149 1100 a.
1173 1034 1338 1125 graviores
1358 1046 1488 1118 motus,
1503 1048 1612 1125 ,quem
1635 1058 1779 1125 nnqrrem
1800 1047 1907 1119 antea,
1931 1036 2091 1106 esistunt:
2125 1063 2174 1110 re·

759 1124 882 1193 bellant
903 1120 1055 1203 Arverni,
1084 1121 1166 1191 duce
1191 1121 1471 1226 Vercingetorige,
1501 1134 1587 1191 mox.
1608 1132 1676 1191 tota
1700 1121 1804 1189 Gallia
1833 1124 2006 1228 conspirat.
2052 1124 2175 1211 Caesar

758 1210 947 1280 Arsaricum
969 1221 1145 1300 expugnat,
1168 1210 1229 1278 sed
1250 1211 1456 1299 aGergovm,
1476 1210 1569 1279 irrito
1592 1220 1724 1291 conatu,
1745 1211 1835 1281 abire
1854 1222 1995 1299 uagitum
2018 1213 2173 1282 acerrime

734 1322 810 1367 res
833 1297 956 1387 geritur
972 1298 1018 1363 ad
1040 1296 1202 1375 Alesiam,
1231 1321 1331 1389 qnam
1348 1320 1430 1384 cum
1452 1297 1575 1367 Caesar
1602 1296 1755 1389 operibns
1785 1299 2063 1367 circumvallatam
2086 1311 2175 1371 tene·

758 1397 819 1467 rct,
842 1397 974 1453 coactus
999 1409 1040 1453 ex
1063 1395 1131 1453 tota
1154 1383 1271 1467 Gallia,
1295 1386 1395 1455 etiam
1419 1409 1461 1454 ex
1484 1384 1617 1466 Aeduis,
1640 1384 1803 1453 executus
1824 1386 1939 1457 urbem
1963 1386 2099 1456 liberare
2122 1411 2175 1458 co·

742 1486 864 1543 ¹nator.
908 1473 981 1540 Hoc
996 1472 1128 1540 tandem
1143 1473 1240 1551 victo,
1264 1471 1515 1561 Vercingetorix
1535 1496 1609 1541 sese
1630 1471 1722 1539 dedit
1745 1481 1779 1540 et
1794 1473 1900 1540 Aedui
1923 1474 1963 1541 nd
1981 1474 2176 1579 obsequium

757 1562 911 1629 redeunt:
949 1560 1084 1627 hiberna
1112 1561 1280 1651 legionum
1307 1562 1499 1654 opportunis
1527 1560 1567 1628 ad
1595 1559 1826 1629 continendam
1853 1563 1889 1631 in
1915 1561 2024 1630 officio
2046 1586 2175 1655 provan-
2307 1600 2311 1607 ·

759 1650 843 1718 ciam
866 1649 948 1716 locis
970 1648 1179 1716 collocantur.
1595 1694 1600 1699 ,
1694 1712 1697 1721 ν

758 1736 916 1916 repen?
936 1735 1032 1827 si'ia
1054 1737 1091 1807 C·
1114 1735 1255 1805 emim
1277 1736 1439 1824 Quaestor
1459 1736 1663 1846 incursantes
1687 1733 1882 1807 Parthorum
1905 1737 2176 1830 copiasnliciter

502 1909 546 1979 bl
574 1864 580 1877 ·
608 1915 674 1984 703
716 1911 809 1983 Coss.
831 1912 905 1981 Scr-
928 1908 1098 2000 Sulpicius
1118 1911 1255 2003 Bessum
1280 1911 1332 1983 M.
1355 1888 1646 2001 Claudioaer.
1667 1910 1867 1983 Marcellus.
1911 1910 2030 1979 Praett.
2053 1908 2099 1983 Μ.
2119 1908 2175 1981 Μ’-
2309 1858 2312 1863 ·

758 2001 888 2071 sentius
911 1998 1113 2081 Laterensis,
1145 2002 1184 2067 A.
1207 1999 1363 2084 Plotius.)
1408 2000 1535 2071 Romae
1562 2000 1598 2064 in
1618 2009 1739 2067 senatu,
1757 2000 1800 2066 Μ
1824 1998 1999 2073 Marcellus
2022 1998 2100 2069 Cos.
2122 2021 2176 2069 cu·

784 2089 837 2156 ide
859 2098 992 2179 pugnat,
1015 2098 1053 2153 ut
1073 2108 1242 2157 successor
1263 2088 1394 2156 Caesari
1418 2098 1495 2157 ante
1515 2098 1655 2178 ternpus
1668 2087 1831 2167 mittatur,
1857 2087 1918 2159 sed
1940 2086 2086 2178 collegae
2108 2110 2177 2156 mo·

760 2113 929 2245 deratione
957 2178 991 2244 et
1012 2175 1233 2247 Tribocorum
1260 2175 1496 2245 intercessione
1522 2174 1714 2266 reprimitur.
1759 2174 1808 2245 M.
1834 2174 1958 2249 Cicero,
1974 2172 2112 2265 proCos.
2139 2176 2175 2242 in

763 2264 914 2333 Ciliciam
935 2262 1034 2353 Appii
1056 2286 1225 2337 successor
1246 2264 1366 2335 missus
1386 2262 1526 2336 Parthos
1547 2262 1714 2353 provincia
1741 2284 1801 2329 aua
1824 2262 1987 2341 defendit,
2014 2273 2059 2346 et,
2082 2262 2176 2333 victis

761 2351 796 2418 in
818 2351 947 2417 Amano
970 2361 1081 2437 monte
1103 2351 1263 2431 hostibus,
1286 2349 1465 2442 imperator
1487 2350 1528 2419 ab
1551 2351 1699 2421 exercitu
1719 2349 1909 2441 appellitur.

868 2438 905 2507 Iu
929 2437 1033 2511 Gallia
1057 2436 1095 2505 C.
1119 2437 1240 2506 Caesar
1261 2437 1349 2506 bello
1370 2437 1472 2509 finam
1494 2438 1644 2527 imponit,
1666 2448 1856 2528 persecutus
1873 2436 2075 2518 Bellovacos,
2098 2436 2176 2507 Tre·

762 2524 1056 2605 virus‚,Caruuto.s,
1079 2523 1255 2610 Cadurcos,
1277 2548 1360 2614 quos
1381 2535 1480 2616 capto
1495 2523 1702 2597 Uxellodono
1724 2547 1837 2597 severe
1851 2526 1959 2616 punitg'
1978 2537 2175 2617 acceptaque

762 2615 798 2682 ln
822 2613 1019 2685 deditionem
1042 2612 1241 2703 Aquitania,
1271 2612 1435 2702 Legiones
1464 2612 1664 2702 decemper
1692 2623 1795 2681 totam
1819 2613 1961 2691 Galliam
1983 2613 2017 2680 in
2040 2614 2174 2683 hiberna

763 2701 935 2773 distribuit
957 2704 1089 2789 jamque
1112 2700 1284 2771 ambitiose
1304 2702 1450 2769 favorem
1472 2699 1659 2791 provinciae
1679 2700 1743 2769 sibi
1766 2700 1940 2768 conciliare
1956 2702 2080 2770 studet

378 2860 389 2883 ,
504 2796 551 2865 50
610 2795 677 2864 tot
718 2789 813 2857 Coss·
835 2787 877 2854 L.
900 2787 1066 2857 Aemilius
1088 2787 1248 2866 Paullus,
1271 2788 1307 2856 C.
1325 2788 1491 2857 Claudios
1513 2786 1603 2877 Cf.
1619 2786 1818 2855 Mmcellos.
1864 2786 1978 2859 Canas.
1992 2788 2059 2880 Ap.
2075 2788 2174 2857 Cleo

761 2875 838 2944 diua
853 2874 1014 2955 Pulcher,
1036 2874 1079 2941 L.
1096 2874 1303 2961 Calpurnius
1318 2875 1422 2957 Piso,
1436 2874 1544 2949 ultimi
1567 2897 1609 2949 ers
1624 2875 1823 2965 privatorum
1836 2882 1983 2948 ‚numero
2001 2899 2083 2966 pop.
2104 2877 2175 2970 sus·

750 2963 892 3055 fragiis
914 2963 1032 3040 creati,
1046 2966 1079 3027 'a
1102 2962 1219 3052 quibus
1242 2962 1279 3029 C.
1303 2963 1478 3033 Sallustius
1500 2962 1637 3053 Crispos
1657 2973 1777 3030 senatu
1797 2973 1923 3044 motus,
1951 2966 2089 3057 posthac
2117 2990 2176 3057 per
2225 2998 2227 3002 ·

608 3057 615 3065 '
654 3114 658 3123 ,
762 3052 936 3119 Caesar-em
957 3050 1134 3118 restitutus.
1170 3050 1252 3119 Aed.
1275 3074 1341 3118 cur.
1362 3050 1409 3118 Μ.
1427 3049 1590 3135 Caelius)
1633 3049 1672 3119 lu
1693 3061 1811 3119 senatu
1832 3051 1872 3119 de
1886 3074 2081 3121 ‚successore
2097 3054 2177 3124 Cae·

761 3138 842 3208 saris
872 3138 992 3227 agitur,
1023 3140 1093 3227 ejus
1123 3138 1266 3205 absentis
1293 3141 1455 3209 rationem
1481 3138 1687 3215 haberi-nou
1713 3136 1838 3228 placet,
1875 3139 1989 3230 itaque
2011 3141 2048 3213 C·
2073 3143 2177 3212 Cnrr’o

761 3226 863 3310 'srib.,
886 3249 905 3291 a
927 3225 1067 3293 Caesare
1089 3236 1271 3315 corruptus,
1292 3228 1438 3317 postulat
1458 3237 1496 3295 ut
1517 3227 1616 3295 etiam
1627 3225 1777 3317 Pompcji
1800 3227 1962 3297 exercitus
1985 3228 2175 3299 dimittatur.

752 3315 847 3391 'Cum
876 3313 963 3381 idem
990 3322 1122 3381 senatus
1152 3324 1319 3396 censeret,
1349 3338 1402 3383 res
1431 3312 1549 3381 aCos.
1572 3312 1727 3381 Marcello
1758 3313 1942 3406 impeditur.
1987 3316 2063 3403 Quo
2091 3318 2176 3389 iacto

760 3402 861 3469 Curio
882 3403 949 3491 jam
971 3399 1080 3504 palam
1103 3400 1252 3469 Caesaris
1299 3400 1582 3494 artesamplexus
1604 3398 1795 3470 Ravennam
1818 3425 1855 3471 se
1878 3402 1920 3470 ad
1943 3426 2019 3471 enm
2039 3408 2175 3477 confert.

760 3490 826 3559 Per
847 3487 1090 3557 simulationem
1109 3486 1254 3563 Pertlsici
1274 3426 1354 3558 letti
1377 3490 1460 3557 duae
1482 3489 1629 3579 legiones
1646 3488 1780 3559 Caesari
1801 3491 1976 3577 detractae,
1998 3493 2045 3560 ad
2061 3495 2177 3565 urbem

615 3638 618 3649 .
760 3578 956 3649 retinentur:
989 3576 1282 3667 Pompeio-nouus
1302 3576 1408 3647 bonos
1428 3575 1583 3659 babetur,
1610 3590 1648 3647 ut
1668 3602 1728 3670 pro
1749 3580 1822 3669 ejus
1843 3578 1966 3663 salute,
1995 3600 2070 3653 cum
2093 3583 2180 3669 forte,

760 3665 901 3757 Neapoli
921 3662 1131 3733 inmorbum
1154 3664 1331 3745 incidisset,
1355 3688 1375 3731 a
1396 3675 1464 3733 tota
1487 3666 1618 3733 civitate
1639 3665 1771 3758 publice
1792 3677 1866 3734 vota
1887 3668 2116 3760 suscipiantur.

867 3751 912 3819 Μ.
926 3752 1045 3819 Cicero
1068 3776 1109 3819 ex
1126 3750 1239 3820 Cilicia
1255 3752 1395 3823 Romam
1416 3763 1582 3831 revertens
1604 3774 1649 3821 vu
1670 3752 1739 3819 Cal·
1755 3753 1837 3822 Dee
1854 3753 2066 3831 Brundisium
2077 3760 2176 3829 venit.
2222 3756 2226 3763 ’

386 3792 388 3800 A
506 3854 551 3928 49
611 3792 676 3920 {05
717 3840 811 3911 Coss.
835 3840 870 3911 C.
895 3840 1061 3915 claudius
1080 3840 1132 3913 M·
1151 3840 1192 3927 f.
1214 3840 1415 3915 Marcellus.
1436 3839 1479 3912 Ia
1503 3841 1679 3913 Cornelius
1698 3841 1899 3929 Lentulus.)
1943 3842 2029 3913 Com
2051 3846 2176 3917 sctum

762 3931 797 3996 in
819 3928 1016 3997 sententiam
1040 3927 1080 4013 Q.
1103 3927 1279 4019 Scipionis,
1302 3920 1408 3996 soceri
1431 3927 1491 3994 Cn.
1515 3924 1676 4020 Pompeii,
1699 3929 1821 3998 factum
1845 3941 1947 4017 esset,
1975 3942 2013 4000 ut
2036 3933 2074 4000 C.
2098 3935 2177 4006 Cae·
2205 3962 2213 3971 “

627 4025 660 4084 tt
761 4040 816 4086 sar
836 4015 971 4087 dimisso
994 4016 1139 4087 exercitu
1160 4016 1305 4107 privatus
1326 4019 1361 4083 in
1382 4016 1497 4087 urbem
1519 4017 1660 4098 veniret,
1687 4017 1733 4086 Μ
1756 4018 1936 4101 Antonius,
1965 4021 2008 4106 0.
2030 4020 2175 4109 Cassius,

598 4094 680 4159 flm-
762 4104 874 4173 Tribb.
898 4104 959 4194 pt,
988 4127 1128 4196 quorum
1150 4102 1341 4172 intercessio
1370 4114 1499 4177 contem
1525 4115 1555 4173 ta
1585 4118 1696 4188 esset,
1720 4106 1762 4203 agl
1783 4104 1960 4179 Caesarem
1981 4108 2064 4175 dam
2087 4113 2176 4180 aufu-

785 4193 872 4275 'unt,
898 4194 994 4283 eique
1024 4192 1207 4284 speciosam
1239 4191 1488 4282 raiprinvaden
1512 4215 1550 4260 ae
1575 4216 1716 4263 ,eausam
1748 4195 1916 4284 praebent
1967 4196 2177 4269 Rubiconem

762 4217 883 4353 gaasar
904 4281 1028 4363 transit,
1052 4290 1090 4348 et
1109 4279 1231 4347 bellum
1254 4303 1366 4369 gerere
1387 4279 1511 4371 incipit.
1558 4279 1703 4351 Corfinio
1732 4304 1808 4349 curn
1835 4283 1965 4373 triginta
1989 4284 2176 4359 cohortibus

733 4398 737 4406 ·
762 4379 797 4439 et
817 4369 856 4441 L.
878 4368 1027 4437 Domitio
1052 4367 1227 4437 Consulari
1248 4368 1377 4451 tradito,
1401 4367 1610 4441 Brundisium
1633 4380 1796 4461 properet,
1819 4394 1885 4461 quo
1900 4372 2078 4466 Pompejus
2101 4400 2177 4446 con.

761 4460 872 4526 tractis
895 4478 1105 4548 quascunque
1127 4458 1236 4545 potuit
1256 4456 1360 4561 copiis
1383 4457 1639 4536 secontulerat,
1668 4480 1810 4547 eumque
1839 4459 1976 4543 obsidet,
2001 4484 2109 4554 neque
2129 4478 2177 4537 ta.

762 4567 838 4613 men
862 4545 1022 4637 impedire
1043 4554 1169 4635 potest,
1199 4566 1374 4632 quornmus
1397 4567 1473 4612 cum
1496 4545 1587 4613 omni
1608 4543 1755 4613 exercitu
1776 4545 1810 4611 in
1835 4546 2003 4617 Graeciam
2027 4553 2175 4642 trajiciat

761 4633 843 4702 Inde
864 4634 1006 4701 Romam
1025 4654 1204 4700 conversus
1226 4630 1389 4721 rebusque
1415 4654 1475 4723 pro
1504 4643 1652 4724 tempore
1681 4635 1888 4726 compositis,
1924 4636 1959 4703 in
1981 4637 2073 4732 Hisp.
2102 4666 2177 4711 con-

761 4722 881 4803 tendit,
913 4721 1027 4792 relicto
1050 4720 1091 4786 ad
1113 4718 1292 4789 Massiliam
1322 4719 1570 4812 expugnandam
1593 4718 1768 4789 Trebonio.
1813 4723 1983 4795 Afranium
2012 4736 2046 4795 et
2067 4726 2178 4801 Petre»

761 4811 831 4899 jum
848 4808 936 4876 circa
957 4807 1096 4874 Ilerdam
1118 4807 1160 4873 ad
1183 4806 1383 4875 deditionem
1407 4806 1516 4894 adigit,
1537 4805 1574 4875 in
1595 4808 1748 4878 ulteriore
1770 4812 1936 4904 provincia
1953 4812 1997 4883 Μ.
2014 4814 2117 4888 Varro
2134 4821 2174 4888 ab

762 4896 910 4965 exercitu
941 4895 1088 4964 desertus
1117 4917 1195 4995 sese
1229 4894 1328 4963 dedit
1376 4892 1496 4967 Eidem
1524 4896 1680 4967 exercitui
1713 4909 1748 4968 et
1766 4899 1965 4995 provinciae
1991 4906 2176 4995 praeficitur

1979 5104 1982 5107 ,
2037 4994 2077 5081 Q.
2100 4994 2177 5069 Cas.

1422 5098 1426 5105 s

2164 5354 2168 5361 ι

1662 5426 1668 5434 ι
