4734 5809
332 1505 352 1528 »-
436 1405 822 1572 fflsrosran
856 1467 1220 1588 ambronas
1253 1391 1740 1570 ooosrnoausss

922 1763 1244 1782 m

227 1998 404 2136 Historia
426 2068 570 2173 antiqua,
594 2068 670 2138 inde
692 2092 712 2138 a
732 2011 840 2173 prima
864 2079 1160 2172 rerumgestarum
1180 2033 1513 2170 memoriarepetitn,
1620 2062 1695 2131 ead
1716 2060 1861 2132 deletum
1881 2011 1941 2130 no·

228 2176 308 2311 1ae
321 2154 539 2312 ⁴lpnbperetorrs
567 2167 602 2225 et
622 2156 755 2249 lmperu
776 2155 918 2224 Romam
960 2153 1192 2236 ocerdsntabs)
1208 2153 1422 2237 verstendrtur,
1449 2178 1473 2219 r.
1496 2174 1568 2222 eu
1612 2171 1735 2220 mun
1763 2159 1840 2243 post
1861 2148 1939 2219 cta

381 2372 478 2441 initia
500 2393 677 2464 regnorum
699 2382 734 2441 et
754 2367 923 2443 civitatum
944 2369 1015 2442 iere
1037 2368 1188 2440 omnium
1209 2368 1346 2439 obscura
1361 2380 1450 2453 sunt,
1471 2369 1532 2439 sed
1554 2390 1596 2439 ex
1617 2387 1685 2462 quo
1699 2365 1818 2438 certior
1836 2361 1938 2439 histo'

230 2459 301 2530 riae
321 2458 379 2528 lux
402 2473 482 2544 orta,
504 2471 635 2553 praeter
655 2460 805 2530 nationes
827 2460 926 2529 rudes
948 2471 1046 2552 atque
1067 2459 1224 2541 incultos,
1252 2458 1325 2528 triu
1347 2457 1491 2529 mammo
1513 2457 1661 2551 gentium
1682 2477 1803 2547 genera
1824 2468 1859 2527 et
1878 2457 1938 2527 im·
2069 2477 2073 2486 ·

228 2546 334 2638 peria
355 2547 610 2641 distinguuntur,
632 2546 816 2631 Persarum,
840 2547 1051 2633 Graecorum,
1072 2547 1307 2644 Romanorum.

381 2677 571 2750 Persarum
592 2680 768 2772 imperium
783 2679 899 2754 Auum
918 2680 961 2766 (ἰ.
978 2704 1008 2752 e.
1023 2680 1290 2767 oemdentalem.
1342 2701 1382 2750 re
1397 2676 1469 2748 sola
1484 2676 1519 2747 ia
1535 2674 1625 2749 hunc
1637 2698 1810 2750 recensum
1824 2675 1938 2763 venit)

100 2819 104 2828 .
233 2776 270 2835 et
290 2761 339 2835 Ae
362 2778 488 2859 yptum,
510 2767 651 2861 populos
674 2779 769 2837 antea
791 2769 843 2837 sui
865 2769 961 2853 iuris,
984 2768 1243 2862 comprehendit.
1319 2790 1497 2838 reeenmsm
1517 2766 1711 2875 imperium,
1779 2766 1823 2836 od
1844 2787 1937 2836 voca·

232 2865 297 2937 tur,
319 2788 437 2924 bderas
460 2857 616 2926 Graeciae
637 2855 786 2928 civitates
808 2867 843 2930 et
861 2873 1000 2950 regnum
1020 2858 1250 2941 Macedonum,
1272 2868 1349 2950 post
1368 2855 1486 2927 Persas
1507 2856 1653 2926 dearctos
1676 2853 1712 2923 iu
1782 2854 1812 2922 ia
1835 2853 1939 2923 domi·

234 2941 395 3027 nantium,
417 2944 477 3013 sed
495 2944 598 3051 paulo
618 2956 696 3037 post
714 2945 752 3013 in
772 2944 878 3015 verim
899 2956 1009 3038 partes
1023 2946 1234 3040 discerptum,
1256 2946 1412 3016 mutiret
1455 2943 1690 3015 Rommrorum
1712 2942 1854 3035 denique
1877 2941 1939 3010 im·

234 3029 362 3121 perium
383 3032 540 3124 paulatim
562 3056 660 3125 super
680 3032 786 3126 ipsam
809 3033 980 3114 Graeciam
1002 3044 1037 3105 et
1057 3034 1286 3112 thamnatam
1307 3045 1342 3106 et
1366 3035 1525 3124 maiorem
1552 3043 1680 3127 portem
1694 3054 1821 3101 earnm
1841 3040 1941 3099 terra·

234 3141 319 3199 rum,
340 3143 425 3211 qnae
447 3120 527 3188 oiim
548 3119 669 3202 Persis,
692 3130 768 3213 post
788 3119 1034 3204 Macedonibus,
1055 3122 1224 3215 subjectae
1246 3132 1348 3213 erant,
1372 3121 1623 3192 extendebatur:
1647 3120 1767 3213 quibus
1788 3141 1864 3188 cum
1886 3117 1942 3186 ad·

234 3207 319 3312 jecta
340 3219 429 3364 essbet
449 3208 557 3279 Africa
579 3220 614 3278 et
633 3208 786 3303 Europae
806 3232 882 3305 pars
904 3210 1132 3298 murenulis,
1158 3217 1250 3281 totus
1271 3210 1360 3281 orbis
1387 3220 1563 3296 terrarum,
1585 3209 1642 3303 qui
1665 3207 1798 3291 dicitur,
1821 3204 1961 3277 Roma-²
1992 3215 1995 3220 '

235 3315 287 3363 ors
307 3318 384 3390 pore
408 3306 451 3365 at.

260 3510 270 3531 .
385 3425 501 3496 Prima*
515 3427 616 3518 igitur
636 3451 711 3521 pars
731 3426 888 3500 historiae
910 3440 967 3498 ant
1023 3454 1063 3500 ae
1083 3429 1270 3501 continetur
1289 3429 1433 3523 lmperio
1454 3428 1639 3513 Persarum,
1660 3428 1718 3510 ita,
1738 3436 1777 3497 ut
1796 3426 1941 3521 primum

235 3510 370 3582 bratoria
392 3517 540 3606 gentium
561 3516 611 3584 illi
635 3517 866 3605 subjecturum,
910 3455 1070 3594 unaldusui
1091 3518 1171 3611 juris
1194 3528 1296 3601 eraut,
1319 3526 1497 3600 enarretur,
1518 3528 1590 3585 tum
1604 3516 1706 3587 totius
1727 3515 1858 3610 imperii
1873 3516 1940 3584 iata

236 3615 453 3694 exponantur·
498 3602 658 3674 Petebant
679 3615 789 3674 autem
810 3605 879 3696 regi
930 3629 1074 3684 erearum
1095 3617 1210 3698 gentes
1237 3609 1399 3700 (quarum
1425 3605 1559 3698 quidem
1586 3629 1640 3675 res
1667 3616 1779 3696 gestae
1800 3602 1941 3696 singula·

236 3689 317 3758 riter
336 3693 514 3761 memoriae
535 3692 628 3787 prodi
651 3693 779 3787 possint
800 3717 839 3763 ac
860 3692 1020 3781 debeant)
1041 3694 1120 3764 haer
1140 3695 1329 3786 Aegyptii,
1350 3693 1557 3774 Phoenices,
1578 3692 1727 3773 Judnei,
1747 3692 1843 3780 Lydi
1863 3715 1941 3761 cnm

236 3778 354 3847 ceteris
375 3781 526 3871 gentibus
542 3781 640 3850 Asiae
662 3781 809 3864 minoris,
830 3780 977 3873 Assyrii,
999 3781 1202 3874 Babylonii,
1223 3781 1333 3860 Medi,
1353 3781 1417 3873 ipsi
1434 3781 1576 3850 Per-soe.
1621 3781 1738 3873 Neque
1759 3804 1838 3849 vero
1854 3780 1941 3872 quis·

234 3870 348 3958 turam
368 3877 472 3961 putet,
492 3873 614 3959 justam
634 3870 798 3961 quandum
819 3868 987 3937 historiam
1007 3869 1124 3939 harum
1138 3869 1285 3959 gentium
1309 3881 1343 3938 et
1357 3869 1487 3964 imperii
1500 3869 1635 3954 Persici,
1657 3869 1718 3938 sub
1739 3892 1807 3961 quo
1825 3879 1941 3960 postea

250 3955 401 4037 ntuerint,
424 3956 563 4025 describi
577 3980 685 4049 posse,
708 3981 784 4026 cum
799 3970 927 4051 praeter
940 3957 1139 4027 Judaeorum
1155 3958 1256 4026 libros
1270 3981 1380 4026 sacros
1400 3959 1579 4027 ceterarum
1591 3957 1742 4049 'gentium
1759 3957 1940 4060 fragmenta

238 4042 369 4112 tuntum
391 4043 559 4124 historiae,
583 4068 600 4111 a
617 4045 749 4114 Graecis
764 4045 957 4137 Latinisque
978 4046 1190 4137 scriptoribus
1202 4057 1340 4126 servata,
1363 4044 1551 4125 habeamus,
1575 4070 1616 4115 ex
1633 4045 1752 4137 quibus
1768 4067 1825 4135 qur
1840 4042 1940 4112 histo-

206 4185 212 4208 ,
239 4128 320 4199 riam
344 4154 541 4224 componere
563 4132 725 4216 studeant,
748 4130 823 4225 plus
844 4156 906 4200 suo
927 4133 1071 4224 ingenio,
1093 4156 1193 4225 quam
1215 4157 1325 4203 rerum
1346 4133 1425 4206 fidei
1445 4134 1588 4202 tribuant
1616 4155 1752 4202 necesso
1775 4142 1834 4200 est.
1878 4130 1940 4200 lta·

150 4263 157 4270 -
196 4225 201 4230 '
239 4222 678 4312 quepronostraratione,
701 4244 776 4289 cum
800 4231 921 4288 certam
944 4234 1238 4312 rerumgestarum
1260 4221 1453 4290 memoriam
1482 4223 1673 4311 consignare
1700 4219 1797 4294 nobis
1823 4243 1940 4327 propo·

202 4323 209 4338 ’
238 4308 411 4390 oderimus,
434 4308 573 4377 laceram
597 4332 635 4376 ac
657 4309 825 4401 disjectam
847 4307 932 4376 banc
952 4309 1108 4379 historiae
1131 4310 1284 4401 antiquae
1303 4320 1432 4413 partem
1455 4307 1556 4380 videri
1584 4331 1720 4406 neccsse
1750 4319 1817 4391 est,
1846 4331 1940 4400 cupos

237 4394 403 4490 reiculpa
425 4419 491 4465 non
516 4406 567 4468 est
588 4397 622 4465 iu
645 4398 750 4479 nobis,
773 4395 888 4465 sedin
913 4397 983 4491 ipsa
1005 4398 1153 4491 gentium
1175 4421 1342 4467 memorre.

895 4737 1294 4782 ‘⁸⁸⁴⁸‘-
