4734 5809
343 726 346 731 ι
451 658 475 696 a.
488 632 554 695 cta.
593 652 620 695 6.
631 655 657 725 a.

1116 523 1220 552 ....
1266 475 1341 575 92,
1389 402 1490 552 .’..,
1564 409 1570 429 ’

743 722 850 792 Gallia
878 721 1030 814 transalp.
1058 714 1207 792 vincitur.
1251 722 1298 792 M.
1319 702 1485 793 Minucius
1506 706 1643 816 proCos.
1673 672 1786 793 contra
1816 720 2007 794 Scordiscos
2036 734 2070 794 et
2090 724 2162 794 Tri-

742 811 849 879 ballos
870 812 906 879 in
927 811 1068 878 Thracia
1091 811 1214 879 bellum
1237 814 1330 903 gerit

217 950 221 957 ψ
327 954 331 960 .
378 924 381 928 ·
444 868 538 968 '108
589 896 657 969 646
700 898 794 969 Coss.
815 900 890 968 Ser.
912 897 1084 988 Sulpicius
1107 892 1235 981 Galba,
1258 902 1309 969 M.
1331 883 1701 985 AurelinsScuurus.)
1746 898 1790 967 Μ.
1812 898 1955 968 Scaurus
1978 898 2049 969 adr.
2073 897 2163 967 Cim·
2266 932 2275 949 ·
2343 872 2344 945 1

744 989 820 1057 bros
845 988 971 1079 etipse
992 986 1166 1055 infeliciter
1187 1000 1320 1080 pugnat.
1354 988 1395 1074 Q.
1413 988 1565 1056 Metellus
1585 982 1715 1080 prorog.
1738 989 1815 1080 irnp.
1832 987 2020 1057 Numidiam
2033 998 2163 1055 rasus:

743 1077 801 1145 sed
824 1077 902 1143 dum
926 1074 1047 1142 bellurn
1071 1075 1159 1143 lente
1181 1076 1278 1164 gerit,
1309 1074 1522 1143 Numidarum
1546 1076 1764 1166 proditionem
1788 1087 1974 1167 expectans,
1998 1074 2036 1143 C.
2058 1075 2163 1142 Mario
2290 1112 2294 1141 .

744 1164 966 1319 qalqmnpandi
990 1187 1066 1231 eum
1081 1166 1253 1232 materiam
1268 1165 1416 1256 praehet,
1437 1188 1501 1256 qua
1516 1163 1573 1232 ille
1596 1187 1675 1232 usus
1701 1174 1735 1232 et
1750 1161 1889 1233 Romam
1906 1163 2072 1256 profectus
2089 1161 2168 1231 Cos:

768 1275 870 1321 ecara
887 1275 935 1319 nr.
1798 1273 1802 1282 ·

375 1373 379 1382 ·
476 1334 541 1405 107
593 1335 658 1405 647
701 1338 796 1408 Coss.
823 1339 861 1406 L.
885 1337 1026 1407 Cassius
1046 1338 1232 1431 Longinus,
1254 1338 1327 1407 suff.
1349 1340 1400 1407 M.
1422 1338 1544 1407 Aemil.
1567 1337 1720 1406 Scaurus
1734 1336 1789 1421 Il,
1813 1337 1851 1405 C.
1872 1338 2020 1422 Marias,
2043 1318 2099 1405 Tr.
2122 1337 2166 1430 pl.

744 1428 785 1496 l..
808 1426 976 1507 Crassus.)
1021 1421 1143 1521 Mariqs
1165 1426 1278 1519 populi
1300 1430 1392 1518 jussu
1415 1425 1604 1499 Numidiam
1627 1426 1871 1518 prorsaccipit:
1899 1426 1944 1493 in·
1957 1424 2168 1518 supplemen-

717 1526 817 1585 ‘turn
845 1515 1008 1584 exercitus
1036 1518 1135 1581 etiam
1165 1514 1293 1606 capite*
1310 1536 1427 1582 censos
1453 1515 1543 1603 legit.
1588 1513 1664 1581 scu·
1682 1514 1872 1606 priusquam
1902 1514 1937 1583 in
1989 1514 2169 1581 ruriaciam

745 1605 847 1683 venit,
871 1603 912 1689 Q.
928 1601 1091 1693 Metellus,
1115 1603 1242 1669 'l'halna
1260 1614 1364 1696 capta.
1387 1601 1580 1691 Jugurthaan
1602 1624 1703 1690 regno
1718 1603 1876 1670 excedere
1894 1612 1927 1669 et
1943 1539 1984 1667 ad
2000 1600 2169 1669 Bocchum

747 1691 960 1759 Mauritaniae
981 1713 1093 1780 regern
1114 1714 1151 1759 se
1174 1693 1319 1782 recipere
1341 1701 1502 1781 coegerat.
1547 1688 1663 1782 Neque
1690 1699 1802 1757 tamen
1830 1712 1899 1755 non
1927 1687 2003 1756 belli
2033 1689 2169 1757 materia

746 1779 859 1867 relicta
882 1788 967 1857 erat,
996 1801 1072 1846 curn
1091 1778 1189 1847 novis
1213 1779 1316 1870 copiis
1341 1779 1515 1846 contractis
1543 1778 1609 1845 duo
1636 1800 1730 1867 reges
1757 1778 1956 1846 accederent
2001 1775 2067 1844 Eos'
2091 1776 2170 1849 Cos.

747 1867 875 1935 duobus
897 1865 1031 1959 proeliis
1053 1866 1099 1934 ita
1121 1867 1233 1950 vincit,
1259 1877 1295 1936 ut
1308 1865 1460 1936 Bocchus
1481 1888 1596 1962 pacem
1613 1876 1714 1959 petat,
1735 1865 1776 1932 ad
1799 1889 1898 1957 quam
1920 1863 2102 1933 faciendam
2122 1862 2171 1933 le·

748 1956 813 2048 goti
835 1954 976 2022 Romam
999 1955 1179 2022 mittuntur.
1616 2015 1623 2025 ,
2088 2020 2089 2025 ,

856 2041 982 2111 interea
1014 2042 1096 2109 alter
1124 2042 1202 2109 Cos·
1225 2039 1269 2108 In
1288 2039 1423 2111 Cassius
1451 2065 1470 2108 a
1499 2040 1665 2130 Tigurinis
1695 2036 1799 2108 Gallis
1828 2063 1903 2107 eum
1931 2063 2047 2130 magna
2076 2050 2171 2132 parta

750 2131 912 2200 exereitus
935 2141 969 2198 et
990 2129 1027 2196 L.
1050 2130 1172 2197 Pisone
1196 2130 1304 2220 legato
1328 2126 1500 2198 C'onsulari
1524 2129 1684 2211 caeditur,
1713 2126 1875 2217 reliquum
1904 2129 2082 2196 exercitum
2101 2150 2169 2196 ¹ser·

748 2206 882 2288 vaturus
905 2217 943 2285 C.
965 2216 1142 2310 Popillius,
1170 2217 1254 2286 alter
1278 2217 1421 2307 legatus,
1449 2216 1657 2285 inhonestam
1686 2239 1801 2307 pacem
1830 2215 1920 2283 emit.
1964 2214 2170 2284 5646116-
2313 2188 2344 2221 ⁵

750 2330 837 2377 mam
849 2329 998 2374 reversus
1015 2329 1038 2408 a·
1046 2305 1084 2371 C.
1099 2306 1215 2408 Coelio
1226 2305 1318 2408 'l'rib5
1334 2305 1568 2407 perduellionis
1578 2328 1658 2407 'reus
1673 2305 1711 2372 ur
1726 2315 1759 2373 et
1772 2303 1881 2371 solurn
1893 2314 2021 2374 vertere
2033 2304 2169 2391 cogitur.

657 2468 659 2475 ¹
856 2392 914 2497 Sp.
937 2392 1079 2477 'l'horrus
1102 2391 1193 2459 'l'rdn
1216 2392 1261 2488 pl.
1283 2394 1402 2463 vitiosa
1426 2403 1460 2473 et
1481 2392 1588 2460 rantrlr
1610 2392 1684 2482 lege
1707 2414 1818 2484 ugrum
1842 2391 1931 2484 publ.
1953 2391 2104 2482 vectigali
2124 2390 2169 2458 le·

481 2568 546 2638 106
598 2566 664 2636 648
705 2478 1022 2638 Coddl’gldltllldd
1033 2482 1221 2648 Nljrranus,
1251 2567 1291 2656 Q.
1315 2567 1481 2637 Seruilius
1504 2567 1667 2657 Caepio.)
1713 2567 1799 2636 Pace
1827 2568 1914 2635 laeto
1938 2590 2014 2635 cnm
2036 2564 2168 2636 Boccho

749 2681 837 2749 rege,
860 2655 898 2723 L.
921 2655 1014 2724 Sulla
1038 2656 1202 2742 Quaestor
1223 2681 1242 2722 a
1266 2656 1369 2723 Mario
1392 2657 1431 2723 ad
1457 2680 1532 2757 eum
1548 2657 1675 2742 ⁴missus
1697 2655 1833 2723 barbaro
1855 2656 2040 2747 persuadet,
2063 2666 2100 2722 ut
2114 2654 2168 2722 Ju-

751 2746 915 2899 qurtham,
939 2746 974 2810 in
988 2744 1182 2811 Mauritania
1205 2757 1405 2826 versantem,
1427 2746 1539 2812 virum
1560 2745 1595 2812 in
1610 2743 1917 2835 potestatcmlllom.
1941 2743 2055 2812 tradat
2095 2743 2169 2828 Quo

768 2844 841 2900 aeto
864 2856 940 2900 curn
962 2831 1160 2898 debellatum
1184 2842 1282 2913 esset,
1305 2832 1479 2901 Numidiae
1501 2854 1555 2900 res
1576 2843 1833 2924 componuntur,
1859 2846 2062 2922 regnumque
2086 2831 2170 2899 inter
2196 2878 2205 2895 .
2343 2854 2344 2893 2

751 2919 918 2990 Bocchum
942 2931 1155 3010 posterosque
1176 2920 1368 2988 Masinissae
1392 2920 1553 2988 dividitur.

858 3010 900 3095 Q.
922 3007 1081 3076 Servilius
1100 3007 1177 3074 Cos.
1200 3021 1374 3099 postquam
1395 3032 1455 3077 sua
1477 3007 1550 3096 lege
1572 3010 1662 3095 (non
1685 3006 1741 3074 diu
1758 3006 1915 3092 valitura)
1936 3005 2055 3098 judicia
2078 3029 2167 3074 sena-

752 3101 800 3167 tui
822 3096 980 3175 reddidit,
995 3154 997 3160 .
1013 3095 1046 3162 in
1072 3096 1210 3163 Galliam
1232 3097 1399 3187 profectus
1420 3095 1578 3166 'l'olosam
1601 3095 1703 3188 capit,
1733 3097 1941 3184 etingentes
1963 3096 2009 3161 ibi
2034 3095 2170 3185 praedas

752 3186 839 3266 lacit,
862 3185 1038 3277 praecipue
1052 3184 1177 3273 templo
1193 3183 1358 3272 Apollinis
1374 3185 1593 3253 saeratissimo
1616 3184 1768 3275 spoliato,
1792 3207 1931 3276 quorum
1945 3182 2080 3252 mininis
2094 3207 2170 3276 pars

752 3274 788 3342 in
811 3273 968 3342 aerarium
992 3273 1140 3349 refertur,
1163 3276 1267 3363 major
1289 3297 1310 3343 a,
1331 3272 1407 3340 Cos.
1430 3272 1659 3340 intervertitur.

858 3361 909 3429 M.
939 3357 1069 3429 Tullius
1092 3361 1269 3447 Ciceronis
1290 3359 1489 3461 Non.¹Jan.,
1514 3362 1575 3428 Ca.
1598 3359 1783 3449 Pompeius
1809 3359 1891 3451 prid
1921 3358 1991 3429 cat.
2014 3360 2088 3428 Oct.
2115 3328 2182 3427 liis
2212 3366 2216 3371 “
2343 3369 2344 3441 I

752 3449 844 3518 Coss.
867 3449 944 3516 66ίί
964 3461 1052 3517 strat.
1174 3458 1186 3471 ““

483 3532 549 3605 105
599 3532 666 3602 640
709 3535 800 3606 Coss.
826 3536 867 3604 Ρ.
891 3537 1045 3605 Rutilias
1066 3535 1205 3622 Rufus,
1218 3536 1278 3605 Cn.
1295 3535 1451 3604 Manlius
1466 3535 1651 3603 Maximus
1668 3544 1821 3626 snperato
1836 3533 1878 3620 Q.
1895 3534 2013 3603 Catulo
2036 3535 2170 3621 laetus.)

539 3708 546 3717 .
675 3666 677 3669 -
752 3624 881 3714 lugenti
904 3625 996 3693 clade
1021 3648 1073 3693 res
1095 3624 1192 3691 Rom.
1216 3625 1394 3692 aCimbris
1416 3624 1567 3706 allicitur,
1588 3626 1646 3780 qqi
1662 3623 1704 3708 Q.
1722 3623 1924 3715 Caepionem
1947 3633 1981 3693 et
2003 3622 2063 3690 Cn.
2081 3624 2170 3693 Man·
2298 3692 2300 3697 ,

1637 3701 1781 3789 vineunt,
1809 3722 1849 3780 ut
1870 3707 2057 3780 ex'duobus
2080 3735 2170 3781 exer-

754 3800 873 3868 citibus
904 3800 1001 3868 Rom.
1030 3800 1184 3893 perpauci
1212 3801 1287 3889 lugo
1323 3800 1475 3868 evadant.
1530 3798 1571 3887 Q.
1600 3798 1759 3892 Caepioni
1787 3797 2170 3893 impariumahrogatur.

754 3886 886 3975 t'uus.
909 3890 955 3973 pr.
976 3888 1013 3959 ι..
1038 3889 1145 3963 corta,
1168 3887 1209 3956 r.
1234 3887 1383 3972 nauus..)
1417 3930 1421 3937 .

485 3977 549 4048 104
602 3974 669 4044 650
710 3975 804 4045 Coss·
829 3977 867 4043 C.
889 3977 1027 4044 Marius
1042 3974 1096 4058 11,
1121 3968 1163 4045 0.
1180 3977 1328 4049 Flavias
1348 3974 1543 4133 Fimbricap
1565 3973 1702 4069 ltaque
1723 3972 1761 4042 C.
1784 3948 1906 4043 Marius
1934 3974 2063 4130 lapibus
2085 3976 2171 4045 soln-

753 4076 807 4133 tus
829 4064 947 4133 absens
969 4064 1043 4134 Cos.
1067 4077 1210 4145 creatur,
1233 4066 1289 4158 qni
1311 4065 1392 4157 ipsis
1415 4062 1485 4133 Cal.
1530 4087 1581 4131 an.
1605 4065 1646 4132 de
1668 4063 1825 4154 iugurtha
1851 4065 1968 4155 triump
1995 4073 2028 4131 at
2050 4075 2084 4131 et
2106 4072 2171 4132 ma·

751 3712 835 3779 lium
858 3713 933 3780 Cos.
956 3713 1042 3782 inter
1063 3736 1101 3781 se
1125 3711 1321 3791 dissidentes
1343 3713 1378 3778 in
1403 3711 1509 3779 Gallia
1532 3713 1577 3778 ita

755 4154 924 4246 gistratum
947 4151 1018 4221 init.
1062 4152 1144 4222 lndc
1166 4154 1237 4222 adr.
1260 4153 1411 4221 Cimbros
1433 4153 1599 4245 proiectus
1622 4162 1729 4220 totum
1750 4175 1873 4219 annum
1901 4152 1935 4218 in
1965 4151 2052 4219 bello
2074 4175 2172 4261 upq.
2236 4192 2242 4201 ·

755 4241 856 4311 raudo
879 4241 1103 4333 militibusque
1126 4241 1317 4311 exercendis
1339 4241 1620 4328 consumit,1dum
1641 4241 1754 4310 hostes
1776 4239 1839 4309 iter
1860 4239 1902 4307 ad
1925 4240 2038 4309 Gallos
2062 4250 2095 4309 et
2116 4178 2171 4310 ln.

753 4340 1140 4488 ³panolldrvrreddn'ln'dihuni
1163 4417 1271 4511 plebis
1293 4415 1356 4484 Cn·
1382 4415 1548 4487 Domitius
1568 4413 1775 4485 Ahenobarb.
1797 4413 1906 4503 legem
1921 4414 2114 4485 Domitiam
2128 4418 2174 4489 de
2216 4380 2235 4407 κ

754 4505 968 4612 Sacerdotiis
983 4506 1064 4612 ,reru
1084 4530 1147 4663 qua
1170 4516 1316 4597 potestas
1338 4507 1543 4611 sacerdotnm
1566 4503 1822 4608 cooptandorum
1838 4504 1879 4610 ad
1894 4505 2054 4610 populum
2070 4517 2172 4596 trans·

755 4594 867 4678 fatur,
890 4594 959 4701 Cre.
981 4619 1017 4662 rn
1038 4595 1091 4663 Ru
1107 4595 1125 4661 l.
1146 4594 1193 4678 lt,
1217 4598 1237 4664 7
1245 4620 1254 4661 ε
1299 4593 1337 4664 C.
1355 4593 1519 4699 ¹Servilius
1542 4590 1768 4697 0166661656ο
1785 4595 2172 4708 suapudrcrauterunrad

752 4681 843 4751 solos
865 4695 994 4773 cqurtcs
1015 4683 1183 4761 transfert,
1207 4692 1242 4751 et
1262 4682 1307 4749 de
1327 4684 1523 4770 repetundis
1545 4704 1650 4750 amens
1679 4689 1800 4748 sancite
1834 4681 1872 4745 t..
1897 4680 2033 4751 Cassius
2053 4681 2124 4750 Lon
2149 4710 2171 4751 r·

754 4792 817 4839 nus
839 4770 1044 4876 nobilitatem
1065 4772 1201 4866 premit:
1233 4770 1272 4838 1..
1289 4770 1430 4839 Marcius
1445 4769 1616 4862 Philippus
1638 4767 1747 4859 legem
1766 4769 1922 4860 agrariam
1946 4770 2017 4852 lert,
2041 4771 2100 4839 scd
2117 4708 2171 4839 adr·

488 4948 550 5019 103
603 4946 663 5014 651
711 4870 1122 5034 04611141111441116111,
1151 4945 1271 5017 absens
1300 4945 1697 5033 assimulantur
1727 4943 1865 5017 Orestes
1880 4946 1943 5033 †.)
1988 4942 2171 5031 0.,1116166
2272 4920 2275 4928 ¹
