4734 5809
884 494 1341 620 -szf-g

1640 651 1740 716 &Chat
1785 651 1897 737 olymp.
1957 609 1962 614 ·

175 749 185 776 ¹
248 764 345 899 ἥσω·
363 728 617 813 lodedaernooii
637 751 749 814 nmen
770 741 814 810 ad
833 741 925 837 pacis
945 740 1158 813 condiciones
1181 739 1380 812 descendere
1401 739 1529 827 nolant,
1556 763 1600 812 ne

287 831 449 900 esseniam
472 832 622 901 amittent
643 878 1600 903 ..............................
1658 830 1724 901 366
1766 831 1887 919 ,103,3

206 917 248 987 16
269 918 461 988 Macedonio
483 918 674 988 Perdiccas
687 918 757 988 111
766 918 906 990 sublato
926 920 1117 990 Ptolemaeo
1130 943 1275 1009 regnum
1295 920 1445 1013 adeptus,
1459 919 1600 1011 tsiginte
1655 971 1660 982 .
1687 971 1693 984 .
1719 971 1726 982 .

252 1006 384 1076 obsides
405 1007 573 1077 Thebanis
593 1008 701 1088 tradit,
723 1008 873 1099 interque
896 1032 952 1078 eos
976 1008 1186 1099 Philippum,
1209 1007 1342 1077 fratrem
1363 1032 1460 1076 sunm
1491 1058 1501 1077 .
1525 1056 1535 1075 .
1556 1059 1565 1076 .
1589 1053 1600 1074 ·
1656 1008 1724 1080 365
1787 1008 1887 1092 103,1

206 1091 339 1165 Novum
372 1087 495 1164 bellum
528 1098 563 1163 in
590 1095 820 1188 Peloponneso
854 1109 1003 1191 eruperat
1035 1099 1120 1166 inter
1145 1098 1304 1167 Arcades
1335 1107 1370 1166 et
1396 1097 1511 1167 Eleos.
1556 1097 1599 1165 Hi

250 1185 368 1251 irnstra
395 1188 447 1275 jus
474 1208 572 1252 suom
597 1183 748 1252 ludorum
771 1185 905 1280 Olymp.
932 1186 1150 1255 curandorum
1177 1186 1277 1254 armis
1303 1195 1447 1278 tuentur.
1491 1185 1599 1255 Pisaei

252 1282 287 1341 et
307 1274 449 1341 Arcades
471 1272 558 1340 indis

210 1357 481 1429 Orchomennsa
503 1297 713 1453 Thebanisp
775 1370 826 1429 ter
846 1345 964 1451 agitate
986 1361 1180 1431 deiectionis
1202 1360 1337 1430 consilia
1359 1361 1486 1430 deletur
1657 1359 1725 1429 364

207 1447 401 1536 Pelopidas
421 1449 455 1516 in
477 1447 568 1517 hello
588 1384 942 1518 conhahhxondrum
967 1449 1150 1522 Pheraeum
1171 1449 1275 1519 victor
1298 1451 1465 1520 occumbit
1491 1502 1500 1520 .
1525 1498 1536 1518 .
1560 1497 1598 1517 ..
1657 1449 1724 1515 361
1870 1467 1876 1478 ’

207 1534 451 1608 Demosthenes
473 1536 611 1629 primam
634 1538 816 1606 orationem
837 1537 938 1606 habet
958 1550 1069 1607 contro
1092 1548 1219 1607 tutores
1241 1562 1319 1608 snos
1335 1586 1599 1607 .........
1657 1536 1724 1604 hot
1788 1535 1884 1621 toln

206 1622 350 1692 Arcades
362 1627 485 1718 'pn'cem
507 1625 630 1694 iaciunt
651 1650 725 1694 cum
748 1625 848 1707 Eleis,
871 1628 929 1696 sed
952 1627 1037 1695 inter
1057 1638 1165 1696 semet
1186 1627 1250 1720 ipsi
1271 1627 1458 1697 discordant
1657 1625 1724 1693 363

205 1710 357 1780 Thebani
378 1712 658 1801 Epaminondam
679 1726 829 1806 quartum
852 1737 928 1782 cnm
950 1716 1096 1785 exercitu
1118 1715 1152 1782 in
1164 1714 1433 1809 Peloponnesum
1456 1717 1600 1798 mittunt,

248 1800 486 1891 prohibiturum
504 1825 551 1870 ne
573 1802 823 1871 Lacedaemonii
849 1802 990 1894 priorem
1019 1805 1201 1896 potentiam
1229 1814 1423 1897 recuperent
1450 1814 1484 1872 ct
1506 1807 1601 1872 Arca-

251 1891 310 1955 des
331 1889 393 1955 sibi
410 1890 599 1980 adjungant,
622 1892 657 1959 fit
672 1900 681 1972 t
694 1892 743 1959 10.
760 1891 946 1996 Scirophor.
968 1891 990 1958 i.
1007 1915 1036 1958 e.
1051 1893 1172 1975 lunio)
1188 1915 1296 1984 pugna
1315 1893 1355 1958 ad
1372 1892 1600 1971 Mantineam,

249 1976 285 2042 in
308 1995 374 2067 qna
394 1976 639 2081 Dpaniinondas
660 1981 764 2047 vietor
786 1993 933 2047 moratur.
977 1978 1069 2063 (Huc
1094 2003 1202 2073 usqne
1222 1979 1410 2072 Xenophon
1433 1979 1602 2048 historiam
1660 1975 1728 2045 363
1790 1974 1888 2060 1013

205 2074 481 2221 Pabbblpiihlbit
508 2119 656 2221 civitates
681 2151 910 2242 belligerantes
936 2163 1065 2246 praeter
1091 2151 1387 2234 Lacedaemonios,
1418 2153 1603 2224 libertatem

249 2238 1603 2320 Messenrommnonferentes................·......,..
1661 2237 1728 2308 363
1790 2237 1889 2325 104,3

205 2325 393 2418 Agesilaum
414 2324 447 2393 in
471 2329 655 2419 Aegyptum
676 2326 892 2419 proficiscitur
913 2328 954 2393 ad
966 2327 1126 2407 noenum,
1147 2332 1240 2418 cujas
1254 2328 1349 2396 classi
1366 2338 1497 2435 praeest
1513 2328 1605 2397 Cha·

251 2415 351 2483 brias
371 2415 593 2484 Atheniensis.
636 2416 749 2483 'Tacho
773 2438 850 2483 mox
866 2416 1012 2485 succedit
1027 2415 1246 2485 Nectanchns.
1281 2416 1453 2508 Agesilaus
1468 2419 1603 2485 domum

251 2512 421 2571 revertens
442 2504 578 2570 moritur
610 2550 817 2570 .........
827 2553 832 2562 .
840 2551 981 2571 .....
1267 2548 1602 2576 ...........
1660 2502 1724 2572 361
1790 2501 1889 2576 1043

208 2588 428 2662 Athenienses
450 2611 527 2659 cnm
549 2588 714 2682 Olynthiis
736 2591 778 2658 de
799 2590 989 2685 Amphipoli
1012 2593 1216 2662 contendunt
1233 2640 1470 2661 ........
1489 2641 1504 2660 ·.
1528 2642 1538 2664 .
1561 2640 1602 2660 ..
1660 2586 1728 2662 360
1791 2592 1886 2678 105,1

209 2761 497 2836 PHILIPPUS
507 2721 632 2836 Thebis
654 2766 689 2834 in
701 2765 927 2836 Macedoniam
949 2790 1109 2847 reversus,
1130 2768 1413 2868 tatorqnefactns
1432 2766 1606 2857 Amyntae,

254 2856 365 2924 iratris
385 2853 579 2936 (Perdiccae
598 2854 650 2922 ltt‘
672 2856 736 2946 qni.
753 2857 793 2923 ab
817 2855 935 2948 illyriis
957 2880 1071 2925 caesus
1095 2857 1174 2942 luit.)
1193 2858 1272 2939 6111,
1300 2881 1437 2950 regnum
1468 2868 1606 2948 occupat

256 2944 300 3012 03
323 2961 426 3010 sanos
448 2956 545 3012 natus
578 2988 1604 3013 ................................
1662 2944 1729 3013 359
1793 2941 1888 3028 105,1

209 3033 374 3119 Argaenm
397 3032 488 3122 regni
517 3031 683 3098 aemulum
712 3031 752 3097 ab
778 3032 897 3101 Athen.
926 3033 1072 3124 adjutum
1098 3032 1218 3117 vincit,
1241 3057 1317 3102 cnm
1338 3031 1604 3117 Atheniensibus,

602 1284 732 1341 mesont
746 1316 1599 1344 ...........................
1658 1271 1724 1341 361
1789 1272 1886 1356 nont
2026 1353 2030 1361 Ι
2082 1257 2092 1274 ’

101 3187 108 3194 ,
256 3119 390 3185 liberata
412 3105 614 3211 Amphipoli,
636 3141 751 3209 pacem
773 3120 851 3188 iecit
877 3167 1605 3191 .......................
1663 3119 1730 3189 359
1793 3117 1893 3205 1053
1991 3177 1998 3188 .
2055 3189 2060 3196 ,

211 3207 290 3288 Sed,
313 3206 499 3274 Paeonibus
529 3219 563 3276 et
583 3205 702 3297 Illyriis
719 3208 822 3286 victis,
850 3208 959 3277 denno
986 3207 1213 3317 Amphipolim
1240 3210 1329 3279 bello
1357 3211 1492 3302 premit,
1527 3208 1606 3277 dnm

257 3293 474 3363 Athenienses
495 3296 530 3364 ia
549 3294 686 3363 Eriboea
708 3307 820 3365 contra
841 3295 1018 3365 Thebanos
1039 3298 1199 3366 dimicant
1236 3342 1605 3365 ............
1664 3296 1730 3363 358
1794 3293 1891 3378 1053

211 3383 301 3453 Socii
325 3381 574 3451 Atheniensium
595 3383 704 3467 (Chii,
728 3383 808 3466 Coi,
828 3383 968 3462 Rhodii,
991 3386 1160 3478 Byzantii)
1190 3386 1351 3453 deficiunt
1396 3384 1533 3451 Bellum
1554 3405 1606 3450 sa·
1663 3382 1728 3452 357

256 3471 348 3540 ciale
370 3471 493 3563 incipit
539 3469 673 3540 Chares
693 3470 735 3539 ad
757 3472 1008 3564 oppugnandam
1024 3472 1145 3539 Chium
1166 3474 1287 3541 missus
1310 3470 1396 3540 male
1419 3494 1489 3540 rem
1511 3473 1607 3561 gerit,

257 3558 433 3627 Chabrias
454 3561 488 3625 in
510 3570 608 3651 portu
629 3582 705 3628 cnm
726 3582 810 3628 nave
832 3584 890 3662 sup
913 3562 997 3651 perit
1041 3606 1606 3627 ..................
1664 3559 1730 3629 357
1793 3557 1893 3642 105,4

212 3646 329 3740 Neque
374 3658 465 3715 osteo
488 3647 563 3714 Ath.
587 3646 748 3717 ieliciores
769 3660 856 3730 sant,
880 3648 1138 3717 discordantibus
1160 3671 1275 3718 eornm
1296 3648 1501 3742 praetoribus
1523 3647 1607 3736 Cha·

257 3670 564 3818 retelllenesthco,
586 3734 758 3834 Iphicrate,
781 3735 966 3805 Timotheo.
1089 3789 1093 3794 -

213 3824 348 3893 Interim
370 3822 542 3916 Philippus
564 3824 789 3917 Amphipolim
810 3836 845 3893 et
865 3825 1016 3916 Pydnam
1035 3824 1117 3909 sibi,
1149 3822 1341 3893 Potidaeam
1364 3822 1531 3914 Olynthiis
1554 3847 1607 3893 ex·
1664 3822 1731 3893 356
1866 3829 1882 3840 ”

281 3937 302 3980 6
349 3922 398 3995 61,
425 3933 493 4004 qno
515 3913 589 4005 ipso
616 3923 764 4005 tempore
786 3913 993 3982 Alexander
1019 3914 1067 3980 illi
1095 3912 1181 3981 filins
1210 3937 1252 3981 ex
1274 3912 1487 4006 Olympiade,
1522 3915 1607 4003 regis

257 3936 313 4071 ho
328 4023 476 4069 ossorum
499 3998 531 4081 f,
555 3997 668 4069 Pellae
689 4000 840 4080 nascitur,
864 4024 977 4070 mense
997 3999 1174 4078 Boidrom.
1195 4000 1400 4094 (Septemb.)
1433 4048 1607 4068 ......
1665 3998 1731 4069 366
1796 3996 1892 4076 toan

215 4089 290 4159 Ath.
312 4110 429 4181 pacem
449 4087 572 4157 iaciunt
593 4111 669 4156 cum
690 4089 789 4157 sociis
811 4088 892 4158 olim
913 4091 983 4157 sais
1010 4136 1606 4159 ....................
1665 4088 1731 4157 365
1796 4087 1893 4170 106,1

215 4177 409 4247 Timotheus
432 4185 466 4244 et
483 4175 659 4269 Iphicrates
681 4177 802 4268 injuste
817 4174 1173 4259 accusantarAthenis,
1196 4176 1390 4247 Timotheus
1405 4176 1505 4245 etiam
1526 4175 1608 4243 mal-

257 4277 345 4334 tatus
365 4265 402 4333 in
424 4264 560 4334 exilium
582 4266 618 4334 it.
662 4263 964 4334 Demosthenes'in
987 4266 1101 4359 populi
1124 4266 1280 4336 motione
1301 4266 1465 4333 orationes
1487 4263 1607 4331 habere

260 4353 1346 4444 coepit
1369 4398 1607 4422 ........
1664 4349 1895 4432 3501063

84 4409 89 4432 ¹
216 4439 520 4525 PHOCENSEA
543 4440 728 4510 Philomela
749 4441 851 4526 duce,
878 4442 919 4510 ab
941 4439 1235 4534 Amphictyonibus
1262 4440 1390 4509 multati
1415 4438 1608 4508 stimulanti·

261 4531 322 4599 bns
345 4529 613 4598 Lacedaemoniis
636 4553 814 4623 eorumque
835 4551 913 4622 rege
934 4529 1152 4609 Archidamo,
1178 4531 1364 4599 laventibus
1386 4529 1486 4598 etiam
1510 4528 1607 4597 Athe·

260 4618 441 4696 aiensibus,
467 4618 584 4712 templi
598 4617 751 4712 Delphici
775 4641 885 4687 curam
902 4618 949 4687 ad
970 4640 1008 4687 se
1029 4617 1173 4698 nebunt,
1196 4617 1411 4712 Delphosque
1434 4616 1532 4687 armis
1553 4618 1610 4686 ob·
1667 4703 1733 4774 356
1796 4693 1904 4787 ΠΜ

259 4707 368 4775 tinent
400 4751 1414 4777 .
1436 4752 1609 4775 ......

217 4793 353 4865 Bellum
380 4815 515 4861 socnam
544 4793 717 4885 praecipue
750 4817 768 4862 a
796 4792 964 4864 Thebanis
998 4804 1033 4864 et
1059 4794 1279 4865 Locrensibus
1306 4806 1418 4871 contra
1450 4818 1509 4864 eos
1541 4793 1611 4884 geri
1666 4792 1733 4862 355
1805 4819 1810 4832 ’

262 4894 427 4975 coeptum,
451 4881 588 4952 dacibus
610 4881 828 4952 Phocensium
844 4883 966 4951 «deince
1029 4881 1240 4967 Philomela,
1265 4882 1498 4964 Onoraarcho,
1515 4882 1611 4951 Pna-

257 4972 345 5061 ylla,
368 4970 530 5050 iratribm,
552 4980 587 5040 et
608 4969 807 5042 ommino
828 4969 898 5040 filio
920 4972 955 5041 P
979 4970 1112 5041 alaeam
1167 5059 1171 5064 ᾗ
1480 5056 1528 5131 ⁴⁸
