4734 5809
1077 370 1200 526 ι’·-
1249 446 1323 547 ’76
1372 495 1474 607 ,ϊ-
1603 442 1606 449 ’

440 602 538 676 aclis.
577 627 604 672 n.
616 628 641 673 a.

730 695 801 768 mul
821 706 932 766 natae
953 693 1069 789 copiae
1085 692 1276 772 Poenorum
1297 717 1373 766 enm
1393 694 1581 765 Himilcone
1601 695 1785 779 mittuntur,
1803 705 1846 769 nt
1868 693 2081 767 bellnmstota
2101 698 2148 767 in-

729 786 801 855 sula
823 787 1058 855 exardesceret.
1102 783 1213 854 Etiam
1235 807 1312 853 cum
1333 783 1487 879 Philippo
1516 784 1641 854 bellum
1669 785 1797 878 coepit,
1824 785 2036 880 Apolloniam
2065 786 2150 856 obsi·

733 874 842 954 dente,
864 875 922 942 sed
945 872 1041 942 facile
1063 872 1138 942 inde
1161 875 1307 966 repulso.

397 939 399 941 ’
460 963 527 1033 ua
579 960 643 1032 su
687 960 781 1031 coss.
807 962 847 1049 (a
871 960 1002 1029 aaron
1027 958 1066 1049 (a
1085 959 1125 1063 s.
1147 960 1350 1046 nasama,
1385 958 1436 1028 aa.
1458 958 1677 1050 empnam
1701 952 1879 1029 aracaeus
1894 959 1973 1050 11.)
2019 961 2149 1031 senam

569 1122 571 1125 ,
712 1047 766 1117 'in
787 1047 882 1118 Italia
908 1049 999 1117 lente
1026 1059 1158 1136 gantur.
1204 1047 1298 1118 Coss.
1328 1048 1409 1117 alter
1436 1047 1477 1121 in
1494 1048 1613 1151 Apulia
1635 1051 1759 1141 Arpos,
1783 1049 1865 1118 alter
1887 1047 1939 1116 Ti.
1962 1049 2092 1155 Sempr²
2113 1050 2150 1118 in
2253 1050 2265 1065 “

731 1134 875 1204 Lucania
897 1146 932 1204 et
951 1137 987 1203 in
1010 1135 1145 1202 Bruttiis
1166 1134 1209 1202 ali
1236 1147 1293 1204 not
1315 1136 1434 1228 oppida
1457 1137 1584 1226 recrpit,
1607 1136 1685 1204 dum
1702 1136 1866 1203 Hannibal
1888 1148 2048 1206 aestatem
2064 1161 2150 1207 crrca

707 1223 913 1309 ⁴'Parentum
935 1225 1109 1304 consumit,
1132 1221 1176 1288 Μ.
1199 1160 1373 1293 blancollus
1396 1225 1430 1291 in
1455 1225 1626 1293 obsidione
1648 1224 1883 1315 Syracusarum
1931 1224 2069 1316 erdurat.
2112 1226 2149 1292 ln

577 1397 588 1408 .
633 1396 637 1410 .
704 1384 709 1405 .
731 1310 889 1405 Hispania
904 1311 1076 1403 Scipiones
1097 1312 1163 1402 jam
1187 1310 1369 1381 debellasse
1390 1310 1502 1380 hostes
1524 1312 1587 1380 sibi
1609 1311 1771 1396 videntur,
1794 1325 1830 1383 at
1851 1312 1892 1383 da
1905 1249 2001 1382 lello
2018 1313 2051 1380 in
2070 1311 2150 1381 Airi-

733 1420 807 1469 cam
828 1400 1020 1468 traiciendo
1042 1402 1197 1487 cogitant.
1730 1460 1734 1471 ,
1933 1456 1939 1467 ,

463 1488 531 1559 sla
580 1487 648 1560 sla
688 1484 781 1558 Coss·
808 1424 1013 1576 (Albinius
1033 1485 1183 1554 Flaccus
1197 1484 1265 1556 111
1270 1536 1280 1564 ,
1305 1486 1392 1579 App·
1416 1484 1584 1556 &andins
1606 1485 1792 1574 Pulcher.)
1837 1487 1936 1557 Initio
1964 1488 2040 1556 anni
2065 1488 2150 1557 Han·

733 1577 834 1659 nibal,
859 1577 1005 1645 exercitu
1026 1573 1175 1643 celeriter
1199 1598 1242 1645 ex
1262 1573 1406 1642 hibernis
1421 1585 1525 1663 moto,
1546 1574 1662 1643 urbem
1684 1576 1828 1645 Tarenti
1850 1601 1909 1667 per
1931 1574 2150 1669 proditionem

733 1687 812 1733 occu
838 1674 883 1749 at,
905 1686 1013 1732 arcem
1035 1671 1121 1729 terra
1143 1662 1441 1754 mariqueclaudlt.
1485 1662 1536 1729 Ad
1553 1661 1751 1757 Campanos,
1776 1663 1981 1733 obsidionem
2006 1676 2150 1734 melnen-

732 1688 1013 1837 tesilannonem
1040 1772 1115 1818 cum
1145 1774 1264 1840 magna
1291 1751 1325 1817 vi
1354 1749 1507 1818 [rumenti
1537 1750 1652 1832 mittit,
1669 1751 1745 1843 ,sed
1778 1753 1847 1820 isa
1870 1752 1911 1838 Q.
1935 1752 2050 1821 Fulvio
2073 1751 2150 1821 Cos.

733 1842 873 1909 vincitur
894 1839 1074 1929 castrisque
1097 1837 1236 1906 exuitur.
1280 1836 1406 1906 Rursus
1422 1838 1474 1905 Ti.
1491 1838 1657 1909 Gracchus
1681 1863 1722 1908 ex
1738 1838 1882 1907 Lucania
1906 1840 2040 1934 propius
2056 1840 2150 1909 Coss'·
2183 1845 2188 1852 '

435 1925 449 1937 '
590 1982 596 1995 ,
735 1928 907 1999 arcessitus
929 1928 963 1994 in
993 1926 1127 1994 insidias
1154 1925 1271 1992 incidit
1293 1936 1328 1994 ct
1354 1925 1560 2006 interficitur,
1595 1950 1673 1994 mon
1695 1926 1802 1994 Hann.
1834 1928 1906 2021 ipse
1935 1930 1969 1996 in
1993 1926 2150 2020 Campam

732 2028 955 2106 transgressus
978 2013 1181 2082 obsidionem
1205 2011 1337 2118 Capuae
1359 2014 1467 2082 solvit.
1513 2014 1592 2081 lnde
1615 2015 1647 2081 in
1667 2014 1844 2082 Lucaniam
1868 2017 1943 2096 abit,
1969 2017 2014 2084 Μ.
2032 2018 2150 2084 Cente-
2179 2079 2195 2090 ,

734 2105 827 2172 nium
856 2127 932 2172 eum
959 2102 1104 2171 exercitu
1132 2099 1289 2169 subitario
1316 2103 1441 2185 caedit,
1477 2101 1556 2168 item
1580 2103 1613 2168 in
1636 2101 1754 2194 Apulia
1778 2102 1840 2173 Cn.
1867 2104 2019 2173 Fulvium
2043 2103 2150 2172 Proet
2249 2180 2253 2184 ,

734 2191 842 2261 fundit
861 2192 1034 2281 fugatqne3
1056 2190 1179 2257 interea
1202 2211 1293 2272 vero,
1315 2189 1394 2256 dum
1415 2190 1502 2257 circa
1525 2188 1702 2259 Tarentum
1727 2201 1760 2259 et
1776 2190 1986 2260 Brundisium
2008 2215 2150 2261 commo·

643 2302 645 2306 ·
734 2291 833 2359 ratur,
857 2278 950 2347 Coss.
973 2277 1120 2367 Capuam
1142 2274 1261 2344 iterum
1283 2276 1436 2345 obsident
1458 2286 1493 2345 et
1514 2276 1668 2367 operibns
1690 2277 1784 2346 iactis
1806 2289 2005 2370 oppugnant.

702 2376 711 2395 ‘
838 2367 884 2435 Μ.
907 2364 1079 2447 Marcellus
1100 2363 1284 2452 Syracusis
1305 2363 1500 2457 Hexapylon
1528 2377 1562 2432 et
1583 2364 1739 2457 Epipolas
1769 2379 1929 2435 nocturno
1952 2371 2077 2459 impetu
2099 2391 2150 2439 ca.-

534 2490 541 2499 ·
658 2485 662 2496 ¹
733 2455 804 2547 pit,
836 2452 992 2546 Neapolis
1021 2463 1055 2534 et
1085 2449 1198 2540 Tycha
1227 2452 1404 2530 deduntur,
1439 2451 1586 2534 tardem,
1621 2453 1737 2521 frustra
1767 2453 1989 2524 laborantibus
2017 2454 2149 2535 Poenis,
2230 2502 2236 2507 -

679 2604 682 2609 ,
734 2542 917 2612 Achradina
940 2553 973 2610 et
994 2540 1117 2622 Nasos,
1146 2539 1304 2631 prodente
1327 2539 1449 2608 Merioo
1473 2537 1649 2631 Hispano,'
1666 2541 1698 2608 vi
1727 2543 1919 2629 capiantur.
1966 2543 2046 2611 Inde
2067 2542 2152 2613 llas

735 2629 837 2700 callus
859 2631 929 2698 adv.
952 2629 1083 2698 Poenos
1105 2628 1269 2720 proiectus
1292 2627 1488 2697 Hannonem
1510 2628 1597 2719 apud
1620 2629 1694 2720 Agri
1720 2641 1832 2698 entum
1854 2631 2014 2722 profligat.

840 2717 880 2785 ln
895 2716 1051 2809 Hispania
1073 2738 1152 2787 vero
1167 2715 1345 2807 Scipiones
1362 2717 1474 2785 divisis
1491 2715 1685 2785 exercitibus
1697 2652 1815 2785 instes
1830 2708 2021 2787 debellaturi
2039 2718 2150 2788 omnia

719 2805 889 2899 perdunt:
913 2815 1047 2895 uterque
1069 2805 1319 2882 circumventus,
1343 2803 1516 2872 Celtiberis
1534 2803 1758 2873 deserentibus
1777 2806 1977 2899 domumque
1999 2808 2148 2885 reversis,

717 2905 771 2962 „et
796 2892 947 2961 Numidis
974 2916 1050 2959 cum
1071 2891 1263 2961 Masinissa
1292 2892 1435 2983 undique
1463 2892 1673 2981 urgentibus,
1711 2892 1806 2961 laede
1858 2897 1929 2961 erit.
1981 2894 2149 2986 Reliquias

736 2984 938 3051 exercituum
960 2978 1006 3049 cis
1029 2979 1160 3048 iberum
1181 2979 1330 3048 reductas
1353 3003 1449 3071 aegre
1471 2991 1581 3051 serrat
1602 2980 1642 3067 Q.
1664 2980 1836 3065 Marcius.
1871 3006 1903 3072 q.
1919 2979 2026 3065 Rom,
2050 3006 2069 3049 a
2092 2982 2149 3049 mi·

734 3069 847 3138 litibus
869 3067 935 3136 dux
956 3079 1096 3136 creatus.
1701 3072 1711 3093 ³

841 3156 967 3224 Romae
988 3157 1026 3224 P.
1049 3155 1197 3225 Licinius
1219 3154 1358 3225 Crassus
1374 3154 1469 3224 Pons
1492 3176 1579 3225 max.
1602 3154 1716 3240 lactus,
1740 3156 1797 3250 qui
1820 3157 1968 3226 nondum
1991 3154 2072 3227 sella
2095 3178 2151 3226 cn-

384 3276 388 3285 *
683 3259 685 3265 ’
733 3243 797 3313 ruli
818 3243 972 3323 sedisset,
989 3244 1060 3312 Liv.
1075 3246 1130 3327 25,
1147 3247 1179 3313 5.

399 3377 401 3379 .
435 3332 527 3405 ,211
583 3330 647 3402 543
691 3330 784 3402 Coss.
802 3334 862 3401 Cn.
880 3332 1021 3400 Fulvius
1038 3333 1268 3411 Centumalus,
1284 3332 1333 3400 Ῥ.
1348 3331 1520 3422 Sulpicius
1538 3330 1670 3414 Galba,
1695 3334 1727 3402 8.
1748 3331 1825 3401 belli
1841 3355 1957 3409 onnus,
1978 3333 2022 3403 23
2043 3333 2149 3425 legg.)

735 3419 922 3512 Campanos
944 3444 1019 3488 enm
1042 3422 1147 3489 acrius
1163 3430 1317 3512 urgerent
1337 3420 1454 3512 prioris
1470 3421 1546 3487 anni
1564 3420 1657 3490 Coss.
1681 3430 1715 3488 et
1738 3420 1776 3488 C.
1789 3420 1903 3507 Claud.
1922 3421 2009 3490 Nero
2023 3421 2148 3513 Prope,

734 3508 909 3590 Hannibal,
934 3509 1056 3577 omisso
1079 3509 1236 3592 Tarento,
1258 3508 1437 3576 exercitum
1459 3532 1500 3576 eo
1515 3502 1612 3575 ducit.
1658 3509 1723 3594 Qui
1747 3532 1822 3577 cnm
1839 3532 1966 3578 summa
1989 3511 2022 3576 vi
2044 3519 2147 3578 castra
2268 3544 2275 3553 -

734 3595 831 3665 Rom.
853 3597 984 3665 adortus
1006 3607 1118 3665 tamen
1147 3596 1297 3700 repulsus
1326 3608 1429 3676 esset,
1458 3596 1564 3689 ipsam
1586 3594 1726 3665 Romam
1754 3597 1847 3689 petit.
1891 3597 2046 3688 Sequitur
2072 3620 2149 3664 cum

734 3695 827 3838 llll
850 3684 1075 3842 {tntilli
1092 3683 1247 3847 llll}
1261 3684 2150 3865 l‘ttsltt‘lllltttsllltltltadtqtlt
2188 3700 2191 3707 ’

735 3860 881 3943 deditur,
903 3871 1071 3929 senatores
1093 3860 1256 3954 supplicio
1279 3859 1479 3941 alliciuntur,
1512 3859 1614 3928 ceteri
1659 3863 1739 3928 ania
1763 3871 1970 3943 amoventur,
1994 3884 2071 3952 ager
2092 3883 2149 3952 pu-

736 3946 883 4018 blicatur.
928 3949 966 4016 ln
989 3948 1144 4038 Hispania
1168 3946 1540 4018 consuetudinem
1564 3948 1605 4015 ab
1654 3949 1823 4018 asdrubale
1846 3942 1953 4040 decipi
1975 3972 2012 4017 se
2033 3972 2152 4041 passus

736 4047 834 4112 esset,
860 4036 901 4105 P.
927 4037 1103 4105 Cornelius
1124 4037 1254 4126 Scipio,
1273 4034 1312 4104 P.
1335 4036 1392 4119 fit,
1415 4058 1433 4103 a
1456 4035 1581 4129 populo
1603 4049 1745 4119 creatur,
1769 4038 1813 4105 Μ
1835 4060 1939 4105 annos
1962 4047 2068 4135 natus,
2116 4037 2148 4103 ui
2192 4052 2199 4059 ·

649 4208 652 4219 ,
735 4144 810 4194 aum
832 4125 971 4217 imperio
992 4125 1130 4229 proCos.
1153 4148 1194 4193 eo
1218 4124 1409 4208 mitteretur,
1434 4125 1510 4192 dato
1533 4125 1680 4212 adjutare
1702 4125 1747 4191 Μ
1769 4125 1869 4192 lunio
1885 4124 2009 4203 Silano,
2032 4062 2148 4217 prola

378 4214 381 4231 '
463 4214 531 4286 alo
582 4210 649 4282 544
691 4210 785 4282 Coss.
809 4214 858 4281 M.
880 4214 1047 4282 Claudius
1073 4212 1265 4282 Marcellus
1283 4210 1365 4290 IV,
1398 4213 1449 4281 M.
1481 4210 1524 4284 V
1519 4214 1648 4302 aanor
1674 4212 1849 4283 Laeuinrrs
1863 4212 1942 4300 II.)
1985 4211 2149 4281 Hannibal

571 4328 577 4337 ’
734 4303 776 4370 ad
797 4300 1006 4371 Herdoneam
1027 4301 1062 4368 in
1085 4299 1229 4369 Lucania
1252 4299 1315 4368 Cn.
1337 4300 1489 4370 Fulvium
1511 4300 1651 4393 procos.
1675 4302 1797 4384 caedit,
1820 4302 1877 4371 sed
1902 4325 1977 4368 cnm
1999 4301 2043 4369 Μ
2067 4302 2149 4370 ltlar·

734 4389 820 4459 eello
842 4410 948 4481 aequo
970 4389 1074 4457 Marte
1124 4400 1232 4478 agnat
1276 4389 1316 4456 In
1337 4388 1451 4459 Sicilia
1472 4388 1517 4457 Μ.
1541 4389 1692 4458 Valerius
1715 4389 1791 4456 Cos.
1814 4389 2044 4479 Agrigentum,
2100 4386 2171 4458 ro·v

733 4478 832 4546 dente
853 4479 981 4547 Mutine
996 4414 1211 4546 Numisianam
1234 4477 1328 4560 duee,
1351 4501 1387 4545 ca
1413 4478 1448 4560 it,
1472 4487 1644 4568 totamque
1665 4478 1807 4544 insulam
1830 4489 1906 4569 post
1927 4477 2050 4565 abitum
2067 4415 2148 4546 llos

620 4610 624 4615 -
733 4588 851 4634 norum
872 4576 974 4658 pacat.
1018 4565 1127 4634 Etiam
1149 4566 1185 4633 in
1207 4563 1365 4658 Hispania
1387 4503 1426 4634 Μ.
1446 4564 1560 4656 Scipio
1582 4588 1636 4634 res
1659 4588 1813 4656 prospere
1842 4565 1943 4655 gerit,
1973 4566 2029 4657 qui
2052 4565 2147 4635 lbera

311 4688 314 4693 ·
719 4656 868 4743 vtrajecto
892 4652 990 4722 Carth
1033 4654 1120 4723 ‘nem
1143 4662 1262 4721 novarb
1285 4651 1567 4746 opulentissimam
1588 4653 1704 4722 urbem
1726 4653 1759 4721 vi
1781 4676 1817 4721 ca
1844 4656 1877 4723 ie

441 4740 529 4817 ,ΜΘ
579 4738 647 4812 545
688 4739 783 4811 Coss.
800 4740 987 4828 (AFabirn
1043 4766 1106 4809 aaa
1129 4740 1312 4812 Verrucos.
1331 4738 1380 4825 V,
1398 4740 1439 4828 (l.
1458 4741 1600 4809 Fulvius
1615 4741 1766 4810 Flaccus
1780 4679 1879 4830 Ili.)
1902 4742 1992 4809 Dnm
2008 4741 2053 4810 Μ.
2066 4741 2148 4810 llar-

640 4874 643 4883 ·
731 4828 835 4899 sellus
857 4828 994 4921 proCos.
1018 4830 1136 4920 cupida
1159 4852 1234 4897 curn
1251 4824 1434 4897 Hannibale
1458 4829 1491 4895 in
1508 4826 1625 4920 Apulia
1642 4828 1858 4919 conpellitur,
1883 4840 1916 4898 et
1939 4830 2041 4899 altero
2056 4852 2149 4923 proe-

596 4970 599 4977 r
730 4914 956 5006 devincitur,
979 4918 1081 4988 altero
1104 4917 1253 5010 superior
1275 4917 1400 5001 evadit,
1440 4916 1480 5005 Q.
1503 4916 1625 4987 Fabius
1647 4929 1750 5023 coena
1777 4919 1819 4987 ad
1842 4919 2022 4987 Tarentum
2044 4920 2149 5011 ponit,
