4734 5809
911 529 1001 553 --
1067 442 1304 575 ns.-

258 632 325 713 pc.
353 649 380 695 u.
392 651 419 692 c.
436 584 513 713 *lurp

587 733 729 793 laturum
751 722 927 816 protessus,
950 744 1018 792 nou
1041 732 1213 793 contentus
1235 732 1378 791 veteram
1416 719 1623 791 arsimoniam
1646 734 1680 792 et
1701 720 1905 819 disciplinam
1920 727 1956 796 in

456 828 459 833 ’
588 812 695 879 aulam
712 835 903 892 revocasse,
932 815 1032 880 ctiam
1054 836 1161 880 mores
1184 821 1219 878 et
1239 809 1368 900 ingenia
1389 744 1563 879 lominum
1591 813 1750 900 corrigere
1771 816 1881 907 inepte
1904 837 1957 904 ag·

588 899 746 988 greditur:
770 899 988 969 Christianam
1010 901 1203 988 religionem
1224 898 1391 988 cumipse
1413 896 1611 967 deseruisset
1617 948 1629 979 ,
1649 900 1813 968 simulate
1836 903 1957 970 adver·

587 1009 644 1054 sus
664 1008 778 1056 omnes
799 989 975 1078 aequitate
992 1000 1187 1076 pervertere
1208 986 1326 1067 studet,
1347 994 1493 1054 veterem
1508 987 1642 1055 deorum
1657 988 1780 1055 cultum
1804 989 1893 1056 omui
1908 1014 1958 1058 ra·

531 1086 533 1093 '
587 1075 677 1142 tione
700 1070 832 1165 adjuvat
853 1086 887 1144 ct
901 1075 1109 1144 commendat
1128 1112 1174 1125 -
1195 1073 1417 1163 superstitioni
1440 1073 1611 1154 obnoxius,
1633 1096 1696 1143 uec
1739 1075 1958 1168 hilosopliiam

444 1176 447 1181 ’
588 1162 629 1227 ad
650 1160 751 1229 vitam
766 1165 883 1251 magis,
927 1188 1001 1231 uam
1024 1164 1066 1229 ad
1081 1161 1335 1230 ostentationem
1351 1183 1562 1253 componens.
1607 1160 1691 1228 Cum
1707 1099 1845 1231 tlfcrmc
1868 1187 1958 1233 men·

587 1270 642 1316 ses
658 1250 873 1320 Constantino
898 1188 942 1319 lli
965 1251 1093 1342 egisset,
1116 1248 1323 1317 Antiochiam
1345 1248 1575 1338 proficiscitur:
1597 1248 1644 1314 ibi
1659 1247 1834 1319 hibernans
1857 1262 1890 1318 et
1904 1274 1958 1318 ex·

588 1337 790 1427 peditinnem
811 1341 846 1406 in
867 1275 983 1407 lcrsas
1005 1360 1133 1429 parans,
1157 1336 1350 1405 Christianis
1372 1337 1511 1426 graviter
1524 1336 1683 1413 irascitur,
1705 1338 1826 1427 quibus
1848 1336 1958 1405 incen-

590 1425 682 1492 dium
713 1426 828 1517 tcmpli
857 1425 1019 1517 Apollinis
1045 1424 1219 1515 Daphnaei
1253 1424 1421 1505 adscribit,
1457 1446 1578 1513 eosque
1612 1423 1722 1493 clausa
1755 1426 1878 1512 majore
1907 1447 1957 1494 cc·

551 1513 688 1581 eclesia
716 1513 898 1581 ulciscitur:
931 1512 1162 1590 Athanasium,
1189 1512 1337 1579 deerran·
1350 1512 1494 1594 bomem,
1524 1511 1753 1581 Alexandriam
1780 1534 1958 1593 reversum,

590 1601 687 1667 tertio
709 1601 829 1689 expelli
851 1602 952 1689 jubet
975 1598 1264 1684 (Amm-Marcell,
1286 1598 1342 1665 tib.
1358 1600 1433 1684 th)
1478 1595 1876 1691 Libunium,'sophistam
1891 1600 1958 1666 An·

589 1688 803 1769 tiachensem,
824 1687 941 1757 litteris
962 1690 1143 1767 florentem,
1166 1689 1201 1754 iu
1222 1711 1275 1755 ma
1323 1710 1342 1755 o
1363 1687 1489 1754 houm
1510 1688 1618 1757 habet

259 1765 431 1840 3631116
472 1768 495 1835 2
547 1770 641 1843 Coss.
670 1774 757 1863 Imp.
786 1776 839 1843 Fl.
868 1776 1034 1845 martires
1058 1775 1222 1843 Julianus
1243 1774 1266 1843 I
1290 1824 1323 1865 ι,
1357 1774 1529 1843 Secundus
1554 1772 1741 1843 Sallustius
1766 1768 1960 1858 Promotus,

589 1861 677 1931 idern
701 1864 800 1953 praei.
823 1875 924 1955 praet
948 1862 1135 1932 Galliarum
1145 1865 1169 1951 )¹
1204 1862 1339 1930 ludaeis
1360 1862 1568 1931 sacratissimi
1588 1862 1704 1954 templi
1722 1860 1961 1953 Hierosolymis

590 1951 781 2018 restituendi
809 1962 1007 2041 potestatam
1033 1950 1126 2030 lacit,
1155 1949 1214 2017 sed
1236 1973 1319 2036 opus
1347 1951 1488 2040 aggressi
1516 1949 1656 2016 {lammis
1685 1960 1831 2021 exterra
1856 1960 1961 2018 erumss

590 2036 1146 2192 titllltt‘t‘lltttnlhl
1173 2036 1409 2193 inlltttllt
1457 2036 1899 2192 tlttl‘tnl'tltlt
1924 2048 1963 2194 il

386 2244 390 2259 ·
460 2250 463 2255 >
591 2208 776 2277 Chaboram
797 2193 1050 2303 amnem-ponte
1071 2172 1168 2293 facto,
1191 2210 1327 2279 ineunte
1348 2146 1676 2302 Aprili,⁸lrransit,pet
1696 2149 1760 2303 perl
1774 2149 1966 2301 Meshprila·

589 2298 690 2364 mium
713 2300 804 2386 juxta
819 2298 1029 2391 Euphratem,
1052 2299 1231 2367 comitante
1244 2298 1359 2380 classe,
1383 2297 1631 2387 Ctesiphontem
1653 2300 1745 2390 petit
1789 2299 1962 2390 Expugna-

589 2385 632 2452 tis
654 2384 875 2475 compluribus
897 2387 1041 2479 oppidis,
1069 2386 1197 2475 Tigrim
1218 2395 1437 2475 transgressus
1458 2386 1576 2455 Persas
1604 2386 1691 2476 apud
1713 2385 1964 2475 Ctesiphontem

589 2494 700 2571 pugna
720 2473 830 2554 vincit,
854 2474 913 2540 sed
936 2474 976 2540 ab
999 2474 1078 2540 urbe
1102 2474 1318 2565 oppugnanda
1334 2474 1521 2542 deterretur.
1565 2472 1679 2562 ltaque
1692 2472 1847 2540 calidiore
1863 2497 1963 2564 quam

590 2559 800 2652 prudentiore
823 2561 960 2628 consilio
983 2560 1121 2628 classem
1142 2583 1237 2627 suam
1258 2559 1405 2628 incendit
1425 2571 1460 2627 et
1478 2558 1633 2627 interiora
1655 2559 1747 2650 petit.
1792 2558 1872 2627 Mox
1893 2561 1963 2628 ino·

615 2648 646 2714 ia
668 2657 810 2728 coactus,
832 2669 908 2713 cum
930 2647 1051 2714 Persae
1072 2669 1166 2735 agros
1187 2668 1266 2715 suos
1288 2656 1393 2728 urant,
1416 2644 1524 2714 redire
1545 2669 1605 2735 per
1619 2643 1816 2734 Gordyeneu
1838 2651 1978 2720 statuit,

537 2749 540 2753 ·
591 2672 1962 2912 internascentium¹:ttslntnrun<llllitt

594 2910 739 3002 accipit
760 2907 972 2991 ‹Dumuuces
988 2907 1184 2987 consultant,
1207 2870 1280 2975 F’L.
1295 2904 1561 2987 JOVIANUS,
1584 2844 1788 2997 plimiccrius
1810 2908 1963 2981 domeut‘e

560 3022 563 3029 ·
593 3020 717 3076 corum,
738 2995 949 3062 tumultuarie
970 3019 988 3060 a
1010 2995 1169 3063 militibus
1183 2995 1364 3084 Imperator
1384 2991 1612 3085 proclamatur,
1635 2996 1692 3084 qui
1713 3016 1802 3076 mox,
1825 2994 1913 3063 ianae
1928 3006 1964 3065 et

592 3080 819 3176 desperatione
840 3082 982 3151 militum
1004 3094 1130 3161 motus,
1150 3081 1368 3150 necessarium
1390 3080 1538 3170 quidem„
1562 3079 1620 3148 scd
1641 3081 1862 3173 turpissimam
1885 3106 1962 3153 cunr

593 3169 717 3264 Sapore
738 3191 854 3261 pacem
876 3191 949 3237 com
974 3169 1054 3248 onit,
1076 3180 1111 3237 ct
1130 3192 1190 3260 pro
1211 3169 1318 3261 pretio
1338 3168 1529 3236 transeundi
1549 3166 1692 3257 'tigridis
1720 3168 1866 3258 quinque
1883 3192 1964 3259 prc-

515 3302 517 3311 ,
592 3257 727 3328 vincias
748 3280 823 3324 cum
844 3256 927 3345 urbe
983 3257 1077 3337 isidi,
1105 3279 1191 3346 quac
1217 3257 1338 3324 totiens
1360 3253 1533 3324 Persarum
1561 3255 1703 3347 impetus
1733 3258 1961 3343 retardaverat,

592 3344 684 3414 hosti
705 3344 828 3421 tradit.
872 3343 1021 3413 Nisibeni
1042 3352 1165 3411 sortem
1187 3365 1283 3411 suam
1310 3342 1550 3434 complorantes
1571 3342 1723 3413 Amidam
1751 3345 1962 3414 transducun-

566 3442 654 3500 ·tur.
697 3432 746 3499 Im
773 3480 781 3497 .
809 3454 869 3523 per
889 3430 1019 3523 Syriam
1047 3442 1082 3499 et
1109 3429 1275 3509 Ciliciam,
1309 3430 1445 3498 elllictas
1474 3428 1731 3497 Christianorum
1759 3453 1812 3499 res
1840 3432 1963 3523 ubique

593 3521 720 3611 crigens
764 3541 831 3610 quo
849 3529 997 3609 tempore
1024 3519 1125 3585 etiam
1146 3515 1343 3585 Athanasius
1370 3517 1589 3603 restituitur),
1617 3517 1765 3587 celeriter
1786 3519 1962 3610 proficisci·

483 3628 490 3639 ⁸
591 3617 653 3676 tur.
699 3605 829 3690 (Amm.
851 3604 1103 3675 maclines.
1127 3604 1181 3672 24·
1203 3606 1278 3688 25.)

260 3689 327 3760 364
348 3691 432 3761 1117
548 3691 697 3786 Ancyrae
711 3692 924 3762 consulatum
942 3693 1006 3761 init
1024 3714 1099 3761 curu
1116 3691 1319 3761 Varroniano
1334 3691 1403 3760 {ilio
1419 3690 1568 3785 infante,
1586 3692 1645 3761 sed
1659 3716 1739 3761 mox
1753 3692 1866 3778 theba
1886 3696 1961 3782 16.)

591 3782 799 3939 ἓέἁαεῑειιυε
827 3783 862 3848 in
890 3780 1037 3850 Galatiae
1066 3790 1100 3848 et
1125 3779 1299 3872 Bithyniae
1325 3779 1445 3880 linibus
1479 3781 1650 3874 repentina
1681 3793 1787 3850 morte
1823 3781 1961 3869 decedit,

658 3893 763 3939 annos
784 3879 889 3938 natus.
947 3902 949 3911 ¹
1141 3901 1146 3909 ·
1441 3916 1443 3921 -

476 3952 515 4022 1·
547 3956 689 4027 Nicaeae
711 3980 875 4026 consensu
896 3956 1061 4039 omnium,
1090 3980 1165 4026 cum
1188 3954 1363 4026 Sallustius
1389 3957 1491 4047 praet
1536 3968 1615 4026 raet
1643 3966 1846 4026 senectutem
1866 3980 1985 4029 suam·

592 4056 796 4128 excusasset,
832 4045 947 4129 (Febr.
974 4046 1049 4130 26.)
1077 4044 1151 4113 Fa.
1183 4044 1473 4115 VALENTINI
1541 4044 1602 4114 US
1631 4045 1748 4114 absens
1782 4045 1831 4110 Im
1855 4057 1962 4115 arator

593 4144 730 4213 creatur,
751 4132 917 4200 Tribunus
938 4133 1080 4201 militum
1103 4133 1365 4216 domesticorum,
1388 4133 1434 4201 tt
1446 4155 1548 4200 annos
1565 4141 1671 4215 uatus,
1694 4132 1752 4223 qui
1773 4069 1963 4226 paulopost

563 4268 584 4299 μ
599 4220 641 4291 V
635 4220 888 4300 ALEM'EM,
911 4219 1044 4289 trabem
1065 4240 1177 4301 suurn,
1200 4220 1334 4313 Imperii
1355 4230 1540 4288 consortem
1562 4220 1713 4299 declarat,
1737 4218 1833 4310 cique
1855 4233 1962 4291 totum

593 4308 764 4377 Orientem
785 4331 860 4375 cum
881 4306 1175 4401 Comtantinopoli,
1197 4308 1327 4403 imperii
1348 4308 1436 4389 sede,
1460 4307 1613 4378 attribuit,
1656 4308 1730 4399 lpse
1746 4306 1961 4377 Occidentem

587 4396 657 4483 *sibi
679 4396 779 4486 eligit,
801 4395 901 4465 homo
923 4420 1039 4487 parcus
1061 4407 1095 4465 et
1116 4397 1262 4481 sobrius,
1284 4394 1469 4464 moderatus
1490 4397 1525 4463 iu
1546 4395 1742 4484 religionum
1763 4394 1959 4477 diversitate,

592 4486 652 4551 sed
673 4483 762 4551 idem
783 4505 899 4552 saevus
922 4484 1079 4552 etfacilis
1103 4484 1143 4551 ad
1164 4484 1256 4554 iram.
1300 4483 1420 4551 Statim
1441 4483 1534 4551 initio
1550 4482 1801 4552 Valentinianus
1824 4483 1981 4555 liberam„

594 4570 647 4638 dci
668 4570 798 4640 colendi
819 4570 1005 4639 facultatem
1026 4571 1196 4655 omnibns,
1222 4571 1281 4640 scd
1307 4582 1419 4640 tamen
1446 4572 1518 4640 sinc
1545 4578 1735 4678 contemptu
1757 4568 1960 4641 Christianae

541 4686 560 4719 ,Α
594 4655 778 4747 religionis,
804 4659 979 4751 permittit,
1007 4661 1106 4728 etiam
1132 4657 1563 4751 haruspicinam-maletieiis
1585 4661 1707 4732 eximit.
1756 4656 1880 4727 tuliae.
1897 4669 1960 4728 sta·
2091 4674 2095 4680 '

259 4800 265 4808 .
593 4753 663 4813 lum
685 4747 906 4835 compluribus
926 4746 1053 4837 legibus
1068 4748 1210 4816 'ordinat
1487 4799 1491 4807 .
1578 4762 1582 4769 ’
1772 4768 1774 4775 “

94 4844 126 4905 ‘.
265 4830 499 4905 36511181
537 4830 800 4903 ‘Valentinianus
826 4834 1032 4904 consulatum
1058 4834 1252 4916 Mediolani,
1286 4834 1384 4904 irater
1417 4834 1542 4929 collega
1571 4835 1857 4935 Constantinopoli
1876 4842 1959 4917 {init

593 4918 815 5011 Syrrtmuclrus
835 4923 1019 5013 praelectus
1031 4924 1105 4994 urbi
1114 4923 1294 5009 (Romae)
1316 4934 1375 4995 est.
1420 4921 1619 5082 Deienpprcs
1633 4922 1800 5011 civitatum
1813 4929 1961 5021 bootere
