4734 5809
1064 366 1478 566 ⁴472—-

443 598 544 662 ocor.
582 618 609 660 u.
620 619 645 658 c.

464 690 531 761 245
582 689 652 760 500
690 686 785 759 Coss.
806 686 858 757 Μ.
879 684 1013 758 Fadius
1033 685 1147 756 Buteo
1163 684 1226 767 II,
1256 688 1294 756 C.
1317 685 1444 757 Atilius
1466 683 1639 773 Bulbus),
1672 670 1850 779 qtridqu'dm
1874 628 2055 778 proficitur:
2084 703 2153 759 tan-

734 940 738 941 γ
759 865 923 953 Fregcuas
945 863 1008 966 col,
1031 863 1152 932 civium
1174 863 1331 966 deducta,
1347 862 1531 954 eodemque
1552 862 1626 966 fort.
1649 874 1798 956 tempore
1819 778 1993 955 Bryllgddlm
2011 781 2154 850 fam-

464 952 533 1025 244
584 952 651 1022 510
693 951 788 1023 Coss.
810 954 854 1022 Α.
876 951 1032 1020 Monlrus
1066 948 1230 1039 Torquet·
1253 954 1405 1033 Atticus,
1441 951 1479 1019 C.
1500 949 1718 1041 Sempronius
1746 952 1894 1022 Blaesus
1909 952 1989 1042 ΙΙ.)
2033 954 2154 1024 Hamil·

759 1064 814 1111 car
834 1040 975 1131 Erycem
1006 1038 1123 1108 urbem
1152 1048 1292 1131 occupat
1321 1061 1461 1129 eamque
1489 1038 1643 1107 adversus
1666 1039 1851 1125 Romanos,
1886 1067 1984 1135 supra
2013 1053 2047 1112 et
2071 1043 2154 1112 iutra

288 1185 292 1199 .
759 1152 836 1198 eum
857 1124 1201 1204 sedentes,”defendit.
1223 1164 1268 1177 -
1289 1126 1512 1209 Brundisium
1533 1125 1596 1194 col.
1620 1126 1767 1196 deducta.

396 1240 397 1243 ’
465 1217 533 1289 043
586 1214 649 1284 511
693 1216 786 1287 Coss.
811 1215 848 1284 0.
870 1214 1072 1283 flendunius
1093 1213 1280 1297 Fundulus,
1305 1214 1344 1283 0.
1365 1213 1538 1305 Sulpiciam
1561 1212 1722 1303 Gallus.)
1766 1215 1804 1283 In
1827 1215 1953 1307 magnis
1967 1218 2082 1287 aerarii
2099 1244 2156 1312 pu·

578 1348 597 1351 *f
760 1304 851 1373 blicii
874 1303 1043 1393 augustiis,
1066 1325 1141 1371 cum
1163 1301 1278 1370 classis
1301 1302 1502 1370 aedificanda·
1522 1312 1627 1385 esset,
1643 1327 1729 1396 resp.
1752 1303 1952 1396 privatorum
1968 1307 2087 1400 opibus
2103 1331 2155 1381 su·
2278 1324 2286 1333 “

761 1403 932 1474 retentatur,
957 1402 992 1459 et
1013 1390 1080 1459 200
1102 1390 1358 1484 quinqueremes
1381 1390 1525 1483 optimae
1547 1402 1789 1459 coustmuntur.
1938 1403 1945 1416 ¹
2183 1412 2187 1417 ’

467 1481 534 1557 040
586 1475 652 1550 510
694 1477 789 1551 Coss.
810 1479 853 1548 I..
876 1477 1041 1547 Lutatius
1063 1477 1219 1556 Catulus,
1238 1478 1282 1550 Α.
1306 1476 1501 1549 Postmnius
1521 1476 1702 1564 Albinus.)
1737 1479 2065 1568 (attollimus.)
2103 1482 2156 1550 At-

475 1622 478 1628 ,
724 1640 728 1647 ,
761 1581 814 1638 ter
835 1567 911 1636 Cos.
933 1567 1010 1659 quia
1033 1565 1153 1635 damen
1175 1565 1335 1635 Martialis
1358 1575 1456 1646 esset,
1478 1564 1606 1634 Romae
1626 1568 1785 1637 retinetur
1806 1592 1826 1636 u
1846 1567 1982 1639 Metello
1997 1569 2157 1639 Pontifice
2218 1622 2222 1625 -

762 1657 851 1726 dlax.
897 1654 1013 1747 ltaque
1037 1678 1078 1739 ex
1099 1654 1315 1747 praetoribus,
1338 1655 1399 1743 qui
1419 1653 1486 1723 lroc
1502 1653 1650 1746 primum
1671 1677 1764 1723 unno
1786 1656 1853 1724 duo
1875 1671 2053 1741 creamur,
2076 1658 2158 1727 alter

760 1743 799 1813 P.
830 1742 981 1811 Valerius
1013 1766 1089 1810 omn
1115 1741 1154 1809 1..
1184 1740 1317 1811 Lutatio
1350 1741 1428 1810 Cos.
1461 1740 1495 1809 in
1529 1741 1678 1810 Siciliam
1713 1743 1938 1835 proficiscitur.
1995 1745 2039 1814 Hi
2079 1746 2158 1813 dum

757 789 825 846 tam
847 787 983 868 repente
1005 776 1298 844 commutationem
1320 798 1429 843 rerum
1452 775 1589 864 insignis
1607 774 1799 844 Hamilcaris

660 1837 662 1840 ’
762 1832 955 1925 Drepanum
976 1841 1061 1898 terra
1085 1829 1234 1922 marique
1254 1840 1461 1922 oppugnant,
1489 1828 1686 1899 Hannonem
1709 1832 1813 1900 classe
1836 1833 1902 1902 400
1925 1834 2055 1902 uranium
2079 1857 2158 1901 ono·
2243 1852 2247 1856 ·
2352 1814 2353 1821 ¹

762 1931 886 1989 starum
909 1919 951 1986 ad
974 1917 1180 1986 obsidionem
1202 1916 1392 1987 solvendam
1416 1917 1564 1989 missum.
1587 1919 1639 1985 od
1651 1917 1803 2007 Aegates
1823 1921 1955 1989 insulas
1977 1921 2159 2014 prodigunt,

763 2009 807 2078 70
829 2006 966 2075 navibus
988 2008 1103 2099 captis,
1126 2007 1170 2074 50
1191 2004 1360 2073 demersis.
1407 2003 1518 2096 ltaque
1542 2005 1652 2073 Carth.
1674 2006 1844 2099 desperata
1866 2009 1997 2077 victoria
2021 2034 2080 2099 per
2094 2009 2155 2078 Ha·

762 2094 933 2164 milcarem
955 2094 996 2161 de
1017 2114 1099 2185 pace
1121 2115 1198 2162 cum
1221 2092 1298 2161 Cos.
1322 2102 1432 2181 agunt,
1457 2103 1490 2161 et
1512 2093 1659 2161 inducias
1681 2094 1868 2188 impetrant

468 2186 533 2262 241
589 2178 655 2254 513
691 2183 798 2267 Coss,
816 2186 860 2254 A.
881 2181 1044 2273 Manlius
1065 2179 1168 2271 Tora.
1190 2181 1328 2251 Atticus
1342 2178 1389 2249 11
1392 2227 1404 2261 ,
1429 2177 1469 2268 Q.
1491 2178 1656 2248 Lutatius
1678 2183 1792 2279 Cerco.
1792 2187 1818 2270 )
1864 2183 1951 2251 Pax
1975 2184 2158 2289 Carthagi·

764 2270 935 2342 niensidus
957 2292 983 2337 a
1001 2268 1129 2360 populo
1151 2268 1252 2339 Runa
1274 2270 1392 2348 datter,
1414 2292 1452 2337 ea
1475 2269 1686 2353 condicione,
1715 2281 1753 2340 ut
1773 2270 1885 2339 Sicilia
1909 2273 2024 2342 insulis
2073 2299 2090 2342 e
2112 2298 2160 2340 rn-

764 2371 816 2430 ter
836 2360 903 2428 Sic.
926 2368 960 2427 et
981 2356 1108 2428 ltaliam
1129 2357 1203 2426 sitis
1226 2356 1405 2435 excedant,
1432 2367 1466 2426 et
1487 2357 1602 2427 decem
1631 2357 1725 2426 anuis
1756 2359 1844 2428 3000
1870 2360 1992 2429 talenta
2044 2362 2159 2430 uboica

766 2447 920 2542 pendant
964 2443 1002 2512 L.
1025 2443 1342 2549 LutatiusoproCos.
1364 2466 1440 2512 cum
1463 2444 1560 2515 lratre
1583 2443 1659 2549 (los.
1682 2469 1735 2515 res
1756 2446 1790 2515 iu
1813 2447 1924 2517 Sicilia
1947 2462 2159 2542 componunt,

768 2560 841 2606 ⁰³¹³
882 2531 1782 2724 attttltlttttttttt&uultum
1810 2624 1898 2692 a...
1949 2625 2054 2693 ...110
2075 2649 2160 2695 .....

766 2710 851 2780 rimo
872 2711 960 2779 lacto
981 2710 1016 2776 in
1039 2710 1239 2779 deditionem
1261 2708 1442 2801 accipiunt,
1465 2707 1544 2776 dum
1566 2708 1652 2777 haud
1674 2712 1745 2802 pari
1767 2712 1896 2783 fortuna
1918 2648 2160 2805 darthagtnien·

717 2800 726 2809 “
766 2821 819 2867 ses
842 2796 1028 2867 bello‘cum
1051 2797 1258 2867 mercenariis
1280 2796 1349 2865 suis
1372 2807 1406 2865 et
1427 2795 1514 2865 Alris
1536 2796 1753 2890 implicantur.
1798 2799 1894 2869 Duae
1915 2802 2051 2869 tribuna
2076 2801 2158 2871 Ccn·

766 2886 893 2954 sonibus
917 2885 956 2954 C.
977 2885 1089 2954 Aurel.
1113 2885 1221 2970 Cotta,
1245 2883 1288 2952 Μ.
1312 2882 1415 2950 Fabio
1430 2883 1581 2954 Buteone
1603 2885 1715 2969 (leutr.
1731 2889 1807 2973 39.)
1830 2888 2024 2979 adjiciuntur
2043 2889 2160 2958 Velina

768 2985 803 3043 et
817 2974 966 3061 Quirino,
988 2984 1027 3041 ut
1047 2996 1204 3042 numerus
1226 2974 1281 3052 35,
1303 2972 1362 3064 qud
1380 2971 1533 3062 posthoc
1554 2975 1693 3058 mansit,
1715 2975 1865 3067 expletos
1882 2979 1989 3045 luerit.
2035 2976 2161 3049 Romae

769 3074 836 3131 tem
861 3062 933 3130 lum
954 3060 1075 3129 Vestae
1098 3062 1320 3145 combustum,
1340 3082 1431 3127 sacra
1454 3071 1584 3129 servata
1604 3085 1622 3128 a
1643 3061 1780 3133 Metello
1802 3064 1898 3133 Pont.
1920 3089 2005 3135 man.

317 3212 319 3214 ,
473 3154 541 3226 110
577 3149 661 3227 ,514
702 3147 795 3220 Coss.
849 3150 1047 3219 .Cluudius
1071 3151 1189 3228 Cento,
1212 3150 1318 3217 Caeci
1329 3147 1382 3241 f,
1403 3148 1453 3216 M.
1472 3148 1694 3243 Sempronius
1714 3150 1938 3239 vultanus.)
1974 3153 2159 3246 Spoletium

361 3282 362 3285 =
768 3241 802 3308 in
816 3237 950 3306 Umbris
972 3237 1100 3306 colonia
1125 3237 1303 3307 deducitur.
1342 3236 1414 3303 Hoc
1437 3237 1554 3305 eodem
1577 3261 1664 3307 anno
1682 3237 1794 3308 Livius
1810 3240 2027 3324 Andronicus,
2050 3255 2164 3317 auctor

740 3326 879 3420 ,poesis
901 3326 1097 3395 dramaticae
1120 3350 1171 3417 ap.
1194 3325 1302 3405 Rom,
1325 3324 1451 3392 fabulas
1473 3349 1569 3414 ugcrc
1591 3327 1710 3418 coepit.
1743 3326 1828 3396 Ludi
1846 3328 1985 3398 Floralia
2009 3332 2159 3401 instituti.

654 3458 658 3466 ·
722 3470 725 3471 γ
855 3413 1173 3503 Carthaginiensium
1196 3411 1387 3481 mercenarii
1403 3412 1436 3478 in
1452 3412 1602 3481 Sardinia
1626 3413 1792 3497 deliciunt,
1813 3418 1909 3510 ejecti
1934 3418 2078 3489 aSardis
2099 3421 2164 3490 iru-

769 3513 834 3589 stra
858 3502 1027 3569 Romanos
1049 3503 1091 3569 ad
1113 3501 1336 3593 occupandam
1360 3500 1502 3568 insulam
1526 3500 1747 3571 exhortantur.

476 3595 543 3665 239
595 3588 661 3658 515
703 3589 1054 3659 consalutandum
1081 3589 1238 3668 Turinrm,
1264 3587 1311 3679 Q.
1328 3587 1495 3657 Valerius
1510 3589 1650 3674 Falto.)
1682 3590 1848 3661 Hamilcar
1861 3591 1981 3662 Bareas
2004 3596 2037 3667 io
2054 3593 2162 3665 Africa

538 3679 548 3689 '
628 3750 630 3755 ,
768 3678 894 3833 Ιέεἰίιιηι
906 3677 1153 3839 t{paticiparecivum
1175 3699 1251 3744 cum
1276 3677 1488 3746 mercenariis
1519 3688 1554 3747 et
1579 3677 1668 3748 Afris
1695 3702 1875 3774 eorumque
1903 3682 2037 3752 ducibus
2061 3683 2165 3779 Spen-

794 3768 827 3833 io
850 3777 885 3835 et
942 3790 960 3832 a
999 3788 1019 3833 o
1064 3765 1134 3832 erit.

476 3859 544 3930 238
596 3851 663 3924 516
705 3848 901 3923 ΟὼεῖΤίὂ.
924 3789 1146 3944 δἐιηρνξηίιιε
1169 3849 1358 3935 Gracchus,
1380 3850 1425 3919 Ρ.
1454 3850 1497 3923 V
1491 3852 1621 3922 alerius
1642 3853 1785 3942 Fullo.)
1831 3855 1935 3926 Buttt
1956 3859 2093 3929 Gatttca
2106 3886 2166 3956 per

451 4000 454 4008 ,
770 3944 814 4011 45
837 3964 941 4010 annos
965 3942 1151 4009 intermissa
1173 3950 1389 4008 renovantur:
1412 3939 1449 4008 P.
1463 3939 1572 4021 Valet.
1595 3942 1690 4013 initio
1712 3944 1817 4014 victus
1840 3971 1918 4015 mox
1940 3948 2095 4016 danumm
2117 3974 2164 4022 re·

770 4041 873 4123 parat.
918 4030 1011 4122 Alter
1027 4030 1103 4097 Cos.
1118 4027 1276 4119 Liguscos,
1298 4051 1423 4098 novum
1439 4028 1580 4117 hostem,
1605 4033 1798 4124 aggreditur,
1821 4037 1899 4104 inde
1921 4036 1957 4104 in
1969 4037 2164 4118 Sardiniam,

770 4141 908 4187 vacuam
931 4141 949 4184 a
973 4116 1082 4186 Carth.
1105 4116 1265 4197 relictam,
1287 4118 1417 4209 trajicit,
1441 4143 1493 4185 ma
1519 4144 1662 4212 numque
1684 4145 1856 4190 numemm
1873 4121 2045 4195 bominum
2067 4150 2104 4197 ca
2129 4128 2166 4196 ti·

772 4228 888 4275 vorum
910 4205 1051 4274 deducit.
1095 4204 1389 4308 'l'umultuautibus
1412 4144 1735 4298 Cartdagioiensibus
1757 4211 1881 4279 bellum
1903 4213 2043 4281 llomani
2073 4153 2166 4284 mini·

772 4306 891 4373 tantur,
913 4317 981 4385 quo
1004 4294 1050 4368 fit,
1075 4304 1112 4361 ut
1133 4293 1193 4374 dli,
1215 4294 1314 4362 rebus
1336 4293 1371 4361 in
1394 4294 1502 4370 Alricu
1524 4297 1671 4364 nondum
1693 4298 1773 4367 satis
1786 4302 1998 4391 'compositia
2026 4326 2093 4372 nnn
2115 4328 2166 4374 so·

771 4382 841 4451 lum
863 4382 957 4451 Sard.
982 4393 1015 4450 et
1037 4381 1169 4457 Corsica
1193 4382 1369 4464 abstinere,
1392 4384 1452 4451 sed
1475 4384 1574 4452 etiam
1598 4387 1685 4454 1200
1707 4386 1829 4455 talenta
1852 4387 1892 4455 ad
1909 4390 2066 4459 tributum
2090 4394 2166 4487 adji·
2193 4400 2197 4403 ’

772 4494 847 4540 cere
870 4462 1037 4572 cogantur,
1060 4468 1177 4559 Polyb.
1201 4470 1290 4538 tint
1316 4482 1406 4574 exstr.
1452 4472 1498 4540 M.
1523 4471 1607 4575 Cato
1629 4475 1783 4555 nascitur,
1805 4499 1868 4544 sec.
1890 4476 1976 4549 Livii
1997 4482 2149 4551 rationes.

478 4564 544 4634 237
599 4555 663 4637 517
707 4556 1067 4738 Οοεῖἰέιιωξοῦἑιιῖιὶἷιιῐιιε
1078 4555 1225 4736 gipp'tpl
1250 4558 1408 4637 Candor,
1432 4558 1473 4649 Q.
1495 4559 1640 4629 Fuluius
1653 4560 1803 4631 Flaccus
1821 4565 1976 4637 adversus
2000 4567 2112 4639 Gades
2134 4584 2169 4640 ct

432 4784 440 4811 t
480 4728 547 4810 236
600 4720 666 4803 518
709 4731 802 4805 Coss.
826 4733 866 4802 Ρ.
892 4732 1068 4801 Corndius
1090 4733 1225 4799 Lentul.
1249 4733 1412 4816 Caudin,
1446 4735 1483 4803 C.
1506 4733 1662 4830 Licinius
1687 4714 1843 4828 Verus.)
1887 4740 1980 4833 Bojt,
2013 4745 2168 4817 arcessito

776 4822 1068 4913 'lraosalpinorum
1092 4819 1259 4889 Gallorum
1282 4822 1442 4905 exercitu,
1467 4845 1579 4913 agrum
1601 4825 1843 4899 Ariminensem
1865 4844 2082 4922 reposcente
2105 4835 2169 4903 Ro·

776 4910 894 5007 manis,
916 4910 976 4978 sed
997 4909 1076 4975 dum
1100 4907 1198 5001 legati
1223 4909 1396 4979 mittuntur
1418 4923 1453 4982 et
1473 4911 1700 4999 remittuntur,
1724 4916 1849 5019 bellum
1875 4920 1961 4997 inter
1984 4919 2072 5013 ipsos
2097 4924 2171 4992 Gal-

2121 5010 2182 5082 lor'
