4734 5809
1090 556 1180 592 --·
1241 511 1483 615 las-

454 674 501 740 .C.
527 694 592 739 ne.
681 718 689 736 .

432 697 453 758 l
621 671 681 752 hl
705 746 709 753 ¹
765 757 974 830 Constantini
988 754 1139 851 Augusti,
1161 754 1196 829 et
1211 757 1356 830 Licinius
1376 782 1470 853 puer,
1491 756 1610 828 Licinii
1626 753 1710 848 Aug.
1730 757 1830 840 filins,
1853 755 2012 829 Caesares
2034 758 2147 852 appel·

764 851 881 921 lantnr.
932 848 1081 943 Quorum
1110 846 1265 940 Crispum
1291 846 1418 920 Latinis
1444 848 1567 918 litteris
1588 845 1696 916 erudit
1721 846 1953 937 1111111111ίί11,
1972 846 2085 917 rhetor
2112 857 2147 916 et

763 934 979 1042 philosophus
1002 933 1219 1004 Christianus.
2055 1008 2059 1014 ,

321 1028 326 1039 ’
434 1030 500 1100 318
516 1029 603 1110 ,lffll
637 1025 679 1094 13
718 1022 815 1105 Coss.
838 1022 984 1101 Licinius
1005 1021 1090 1114 Aug.
1113 1021 1145 1092 V
1171 1033 1207 1092 et
1228 1021 1364 1119 Crispus
1392 1022 1543 1109 Caesar.)
1595 1019 1831 1092 Constantinus
1860 1019 1974 1093 Sirmii
2000 1020 2147 1092 maxime

763 1120 921 1181 versatur.

433 1201 606 1277 8191071
637 1199 679 1269 14
721 1197 815 1270 Coss.
844 1196 1078 1268 Constantinus
1105 1197 1191 1288 Aug.
1217 1195 1313 1267 V'et
1341 1197 1489 1267 Licinius
1518 1194 1672 1283 Caesen)
1714 1194 1898 1266 Sarmatico
1924 1195 2015 1266 bello
2042 1195 2146 1286 illiga·

437 1316 441 1323 ·
764 1297 818 1356 tus
840 1284 905 1354 hoo
925 1296 960 1354 et
980 1285 1139 1378 proximis
1160 1284 1257 1355 annis
1280 1285 1516 1354 Constantinus
1544 1285 1581 1354 in
1602 1283 1773 1352 Pannonia
1801 1285 1872 1355 lere
1894 1294 1929 1354 et
1948 1283 2054 1355 Dacis
2076 1307 2147 1353 ver·

765 1383 865 1471 satur.
909 1373 1107 1465 Haruspices
1127 1395 1172 1442 ne
1215 1373 1346 1441 rivatim
1367 1374 1589 1456 consolantur,
1635 1371 1813 1441 robibetnr.

396 1542 399 1547 ,
434 1464 606 1538 3101073
638 1461 680 1531 16
720 1458 817 1531 Coss·
839 1454 1075 1531 Constantinus
1098 1461 1180 1552 hup
1279 1472 1314 1530 et
1342 1460 1578 1529 Constantinus
1607 1397 1635 1527 0

765 1559 801 1618 et
821 1548 970 1706 ⁰lest
980 1548 1152 1705 fflluptup
1172 1547 1300 1704 efflato,
1326 1547 1390 1617 nisi
1412 1548 1503 1641 quod
1523 1547 1566 1614 ad
1586 1546 1679 1639 ipsos
1702 1547 1789 1616 inter
1809 1569 1847 1616 se
1867 1549 2026 1639 conjuges
2049 1547 2147 1639 perti·

765 1646 833 1705 net.
1035 1659 1107 1704 eo.
1152 1686 1162 1716 ‚
1231 1683 1241 1703 .

435 1728 498 1798 ³21
522 1726 607 1798 1074
637 1725 681 1794 16
707 1722 816 1793 Coss.
839 1720 976 1815 Crispus
999 1722 1121 1792 Caesar
1141 1723 1175 1790 ll
1197 1733 1232 1792 et
1253 1720 1489 1792 Constantinus
1511 1720 1633 1790 Caesar
1644 1718 1716 1807 il)
1762 1718 1832 1788 Cal.
1852 1719 1948 1790 Mart.
1976 1721 2146 1816 panegyri-

720 1830 723 1835 ·
765 1833 825 1879 cns
846 1809 977 1879 Nazarii
998 1811 1033 1877 in
1055 1810 1356 1904 quinquennalibus
1372 1810 1549 1878 Caesarum
1571 1807 1721 1876 babetur.
1765 1807 1837 1876 Lex
1859 1809 1965 1901 prima
1985 1809 2029 1878 de
2050 1830 2147 1879 vene·

763 1898 870 1987 raudo
890 1897 944 1966 die
959 1897 1049 1966 Solis
1070 1897 1330 1981 sivedominico
1353 1896 1521 1980 emittitur,
1543 1894 1619 1966 vide
1640 1894 1713 1962 cod.
1729 1894 1857 1963 Theod.
1873 1898 1906 1976 1,
1927 1897 1959 1965 8.
2005 1895 2066 1965 Am
2090 1896 2146 1965 lis·

765 1986 849 2055 sima
869 1984 1214 2141 lltllmhllcdpitemll
1236 2008 1279 2053 ex
1308 1984 1515 2054 testamentis
1538 1982 1687 2053 ecclesiis
1706 1982 1778 2051 sive
1807 1979 1955 2052 conciliis
1975 1921 2147 2054 catholicis

765 2095 867 2142 conoe
938 2096 1032 2153 1,1,.
1099 2121 1110 2153 ,
1212 2117 1222 2139 .

433 2161 500 2235 811
521 2162 607 2236 1076
638 2160 680 2230 17
718 2156 814 2230 Coss.
837 2159 1010 2228 Petronius
1032 2123 1232 2243 Probiadns,
1258 2156 1395 2229 Anicius
1415 2155 1599 2243 Julianus.)
1643 2154 1880 2227 Constantinus
1905 2157 2076 2230 victoriam
2102 2157 2145 2229 de

765 2246 924 2317 Sarmatis
951 2247 986 2314 io
1013 2246 1162 2339 ipsorum
1188 2257 1292 2328 tarra,
1318 2247 1429 2317 oecim
1517 2243 1783 2329 eRausimodo,
1810 2255 1967 2339 reportat.
2010 2244 2146 2340 Crispus

767 2334 889 2404 Caesar
910 2344 945 2403 et
964 2333 1101 2416 Helena,
1124 2334 1174 2401 lm
1199 2335 1334 2404 cratoris
1355 2345 1470 2412 mater,
1522 2354 1633 2400 omnm
1653 2332 1797 2402 visitant.

433 2427 500 2498 813
523 2423 607 2498 1076
638 2421 681 2492 18
722 2421 830 2492 Acilio
851 2422 993 2504 Severo,
1023 2420 1136 2490 Vettio
1188 2422 1278 2490 ubno
1300 2422 1396 2490 Coss.
1425 2420 1548 2489 bellum
1569 2420 1708 2488 alterurn
1729 2421 1815 2489 inter
1836 2417 2089 2491 Constantinum
2111 2432 2147 2492 et

766 2507 931 2614 bicinium
954 2517 1108 2601 paratur,
1130 2518 1313 2663 postquam«
1327 2507 1386 2581 ille
1408 2507 1539 2611 Gothos
1555 2529 1756 2662 persequens
1782 2507 2005 2613 inssdicionem
2025 2508 2146 2613 Licinii

766 2593 1110 2772 tntttttttrd
1111 2606 1307 2786 11111111
1310 2606 1430 2753 titt
1438 2593 1564 2772 (itt.
1582 2595 1725 2786 [iiiiii
1737 2592 2071 2765 bittit-lbi
2073 2607 2147 2753 tt

768 2771 868 2849 citur,
896 2780 932 2838 et
951 2771 1203 2860 tempestatibus
1231 2769 1368 2838 deletur.
1411 2769 1525 2859 ltaque
1552 2765 1697 2837 chmrus
1725 2768 1760 2837 in
1785 2770 1899 2839 Asiam
1924 2771 2057 2855 transit,
2084 2772 2145 2841 sed

770 2855 872 2925 altero
893 2854 1020 2949 proelio
1044 2855 1130 2947 apud
1153 2854 1395 2924 Chalcedonem
1418 2855 1534 2947 (Sept
1557 2856 1631 2940 18.)
1652 2855 1776 2939 victus,
1796 2868 1833 2927 et
1853 2856 2065 2928 Nicomediae
2086 2860 2144 2928 ob·

768 2966 889 3017 sessos.
912 2967 950 3013 se
972 2941 1072 3025 dedit,
1095 2941 1180 3010 nibil
1201 2953 1317 3033 pactus
1338 2942 1404 3010 nisi
1425 2941 1535 3011 vitam.

435 3034 608 3109 8711077
641 3034 683 3105 19
724 3030 843 3124 Crispo
864 3032 909 3097 ΠΙ
930 3043 966 3100 et
986 3029 1204 3134 Constantino
1225 3029 1272 3097 Ill
1293 3029 1406 3098 Caess.
1427 3029 1520 3098 Coss.
1543 3027 1795 3136 Constantinus,
1816 3034 1896 3124 jam
1916 3032 2010 3103 sobo
2029 3034 2142 3127 Aragos-

435 3213 504 3287 d‘lb
522 3210 609 3282 1078
637 3205 683 3277 00
723 3116 1770 3309 PahlllldollelllrsllllrlllcCadssagCldhsltdrllldldlnplllrlulllrmcdlaldilinna
1780 3205 1975 3279 universale
1990 3204 2143 3279 Christia-

767 3317 885 3362 norum
906 3293 1090 3361 antistitum
1102 3291 1261 3361 llicoeoe
1280 3292 1344 3377 (ab
1367 3286 1585 3360 11011111.
1606 3293 1774 3385 usquead
1797 3294 1819 3362 8
1842 3294 1912 3362 Cal.
1933 3294 2039 3409 Aug.)
2060 3296 2143 3369 cels·

768 3381 860 3462 brot,
881 3382 917 3448 in
937 3403 1004 3472 qno
1019 3378 1137 3447 Ariana
1160 3378 1275 3473 opinio
1298 3379 1340 3447 dc
1356 3389 1471 3448 natura
1486 3379 1609 3449 Christi
1627 3380 1801 3451 damnatur
1820 3379 2143 3475 (ὄμοουσία-ομοιου-

674 3515 677 3523 -
767 3466 857 3553 σία).
908 3467 1111 3537 Gladiatores
1140 3466 1578 3557 lege(cod'l'heod.15,
1608 3468 1673 3554 12)
1700 3467 1866 3561 prohibiti.
1911 3472 2144 3558 Constantius,

767 3556 851 3712 pmp.
872 3555 977 3641 filins,
1006 3552 1128 3625 Caesar
1154 3555 1346 3627 declaratur.
1388 3553 1577 3641 Arnobios,
1603 3554 1714 3627 rhetor
1734 3556 1912 3640 Siccensis,
1940 3558 2148 3635 Christianus

729 3684 730 3687 =
782 3656 883 3713 actus.

436 3735 610 3809 suntote
638 3733 680 3801 11
725 3732 774 3800 lm
800 3780 809 3798 .
831 3729 1066 3801 Constantinus
1087 3727 1151 3798 Vll
1179 3729 1257 3800 Coa.
1283 3753 1361 3801 cum
1390 3729 1584 3802 ConstamIn
1612 3730 1752 3825 Caesare
1783 3732 1819 3802 in
1848 3733 1965 3805 itinere
1992 3735 2143 3806 Romano

767 3756 868 3888 Coloe
892 3820 1047 3909 Crispum
1069 3818 1255 3903 Caesarem,
1276 3820 1431 3911 juvenem
1451 3844 1600 3889 summae
1622 3821 1709 3912 spei,
1732 3821 1889 3891 antoe
1910 3847 2071 3894 novercae
2092 3848 2145 3893 ea-

768 3906 902 3975 lumniis
924 3910 1091 3994 incensus,
1111 3906 1276 3999 simulque
1297 3906 1515 3986 Licinianum,
1537 3909 1658 3979 sororis
1679 3902 1801 3992 lilium,
1826 3909 2069 3981 interficiendos
2089 3935 2144 3981 cu·

767 4005 834 4078 rat,
856 4006 1081 4064 verumtamen
1101 3994 1232 4065 detecta
1252 3995 1366 4066 fraude
1387 3995 1487 4065 etiam
1507 3995 1629 4065 Fausta
1656 3995 1815 4087 flagitium
1836 4009 1942 4068 morte
1963 3998 2034 4069 luit.
2077 3997 2145 4069 llo·‘

768 4104 844 4151 mae
865 4082 1046 4153 vicennalia
1067 4106 1126 4152 sus
1149 4084 1235 4153 circs
1256 4084 1333 4155 ldus
1353 4083 1459 4154 Julias
1477 4083 1588 4177 agitat
1632 4083 1775 4167 Helena,
1798 4085 2005 4178 imperatoris
2026 4097 2141 4172 mater,

769 4172 873 4263 (Aug.
897 4172 971 4257 18.)
998 4171 1115 4240 morbo
1141 4172 1271 4244 decedit
1302 4194 1342 4242 ac
1367 4172 1494 4242 Romae
1520 4171 1687 4266 sepelitur.
1737 4171 1865 4244 Relicta
1891 4174 2016 4259 Roma,
2042 4198 2143 4270 quana

767 4282 879 4329 rursus
900 4283 969 4330 non
989 4260 1107 4344 videat,
1131 4259 1366 4330 Constantinus
1385 4259 1544 4330 Sirmium
1566 4262 1659 4353 petit.

594 4430 596 4433 ¹
874 4348 964 4443 Papa
984 4349 1153 4440 sylvester
1172 4350 1263 4418 urbis
1284 4349 1412 4419 Romae
1432 4347 1607 4454 episeopus
1629 4358 1688 4420 est.
1816 4350 1820 4359 “
1940 4352 1944 4369 ’

427 4434 613 4510 11171080
637 4432 683 4503 21
723 4432 943 4505 Constantino
978 4448 1015 4522 ct
1045 4436 1192 4506 Maximo
1228 4435 1323 4506 Coss.
1356 4438 1506 4506 secunda
1546 4435 1688 4506 radiatio
1718 4433 1856 4527 incipit,
1893 4438 1935 4508 ei.
1971 4461 2069 4532 supra
2100 4439 2143 4508 ad

470 4558 473 4561 ·
766 4547 795 4595 1.
817 4525 896 4593 311.
940 4523 1111 4594 Consum.
1133 4524 1168 4591 in
1182 4522 1376 4595 Macedonia
1394 4548 1529 4597 versans
1543 4523 1794 4616 Hierosolymis,
1814 4525 1952 4597 invento
1977 4549 2070 4598 sacro
2092 4551 2143 4597 se·

764 4611 890 4705 pulcro,
913 4611 1084 4682 eeclesiam
1106 4612 1352 4683 resurrectionis
1374 4613 1480 4682 cubui
1501 4612 1605 4706 jobet.

290 4720 291 4725 ’
435 4709 505 4782 328
520 4701 603 4774 lost
635 4698 681 4771 18
719 4697 875 4768 Jannario
897 4711 932 4770 et
950 4702 1047 4770 lusto
1066 4699 1159 4769 Coss.
1183 4700 1297 4781 Comt.
1318 4699 1532 4771 Nicomediae
1550 4721 1685 4770 versans
1703 4697 1913 4793 Byzantium,
1934 4704 2141 4797 opportunis

762 4786 881 4857 simam
902 4788 1036 4867 11111111,
1062 4788 1221 4858 instaurat
1242 4800 1277 4858 et
1298 4799 1406 4882 anget,
1430 4812 1501 4856 eam
1524 4788 1638 4857 sedem
1667 4787 1798 4882 imperii
1820 4790 1961 4882 eligens,
1988 4814 2065 4862 cura
2086 4796 2141 4862 ve·

761 4885 815 4981 tus
828 4874 1056 5034 ltoprczpimis
1077 4876 1180 4946 multa
1201 4876 1358 4969 pristinae
1379 4874 1541 4946 libertatis
1559 4876 1696 4971 vestigia
1710 4888 1866 4965 servaret,
1886 4879 2066 4973 peregrinis
2084 4880 2140 4950 do

761 4986 862 5033 narnis

1636 1463 1760 1545 aesar.)
1804 1458 1938 1529 Poenae
1965 1456 2147 1529 coelibatus
2257 1456 2263 1469 “
