4734 5809
908 447 1274 548 *ss-,-

234 659 437 768 Cassander
458 721 571 790 regem
597 718 737 853 puerum
758 691 980 765 Alexandrum
1007 681 1144 791 ejusque
1171 706 1309 766 matrem
1329 695 1629 790 Roxancu,sqnos

278 784 314 852 in
337 809 410 853 arce
431 788 493 856 Am
520 787 596 879 hipo
610 787 697 862 itanu
720 796 833 876 captos
855 796 1051 860 asservarat,
1075 786 1241 854 necandos
1263 796 1355 853 curat
1378 809 1381 814 ’
1391 831 1628 857 ........
1685 786 1753 857 310
1816 788 1914 873 1¹⁷,s

234 872 312 961 Quo
333 874 420 942 lacto
442 812 686 968 Polysperchon
709 870 894 952 Herculem,
918 871 1018 958 Alex,
1036 872 1081 940 tlt
1104 874 1209 942 lilium
1231 897 1274 940 ex
1295 870 1448 953 Barsine,
1469 871 1629 943 Mentoris

199 990 203 994 “
279 962 387 1044 uidua,
410 962 570 1053 Pergamo
593 963 633 1029 ad
656 985 693 1029 se
716 960 942 1044 inGraeciam
965 973 1072 1041 uocat,
1095 973 1129 1030 et
1144 960 1289 1030 exercitu
1311 961 1451 1029 collecto
1472 961 1507 1029 in
1522 960 1630 1031 Mace·

279 1048 413 1117 doniam
441 1052 540 1120 ducit.
584 1049 652 1119 Sed
675 1046 850 1117 Cassandri
871 1047 1118 1118 condicionibus
1136 1059 1255 1141 captus
1268 1047 1445 1117 Herculem
1466 1049 1501 1117 in
1520 1049 1628 1143 Styru-
1713 1045 1717 1052 ’
1965 1093 1971 1100 ·

280 1136 1448 1229 phasisvcnenonccat..·,..·.......·........,.v
1455 1181 1628 1205 ......
1682 1136 1753 1207 309
1789 1139 1913 1225 Δ11’7,3

234 1224 422 1329 Cleopatra,
443 1225 589 1319 Philippi
610 1226 644 1307 1.,
665 1222 762 1291 vidua
776 1224 955 1292 Alexandri
970 1225 1123 1318 Epirotae
1139 1224 1296 1294 Sardibus
1317 1234 1449 1294 auctore
1463 1223 1628 1315 Antigono

234 1324 501 1470 ultrast,
514 1359 722 1502 atum:
744 1358 828 1468 nt
841 1356 1179 1505 susteatet,
1195 1360 1270 1494 m·
1293 1359 1628 1505 tumtum:
1685 1309 1752 1383 ³⁰⁸
1817 1313 1952 1401 ¹¹⁸³*

280 1488 321 1555 ad
343 1512 380 1558 sc
401 1488 528 1557 trahere
550 1489 667 1558 studet.
702 1487 904 1565 Demetrius,
926 1490 1034 1580 Antrg.
1051 1490 1085 1569 1.,
1107 1487 1254 1557 Athenas
1270 1512 1349 1559 occu
1375 1500 1416 1563 at,
1439 1487 1629 1557 Demetrius

280 1575 458 1646 Phalereus
480 1578 515 1643 in
539 1576 722 1667 Aegyptum
738 1575 815 1655 abit,
838 1586 941 1643 status
964 1577 1132 1669 popularis
1146 1588 1223 1669 post
1235 1599 1338 1646 annos
1387 1575 1425 1643 V.
1449 1577 1629 1645 restituitur
1685 1573 1750 1641 301
1816 1576 1912 1661 118,1

235 1662 409 1753 Epicurus
429 1663 644 1757 philosophus
666 1662 803 1731 Athenis
826 1664 937 1732 sedem
961 1666 1056 1755 ponit
1097 1711 1370 1733 .........
1391 1743 1393 1745 v
1393 1708 1629 1734 ........
1687 1662 1751 1729 307
1816 1666 1915 1747 118,3
1980 1717 1989 1736 ,
2062 1713 2071 1724 -

234 1751 435 1824 Demetrius
456 1752 636 1820 Ptolemaei
658 1750 796 1820 classem
819 1752 859 1816 ad
883 1751 1086 1821 Salaminem
1107 1754 1142 1819 in
1165 1750 1194 1820 C
1217 1775 1276 1846 pro
1298 1752 1441 1821 devincit
1455 1798 1628 1819 ......
1686 1750 1753 1819 306
1817 1754 1916 1839 usu

235 1839 428 1929 Antigonus
449 1851 483 1908 et
507 1841 714 1928 Demetrius,
734 1838 867 1908 victoria
889 1840 932 1906 dc
956 1840 1146 1909 Ptolemaeo
1170 1777 1266 1925 ebat,
1293 1863 1393 1929 reges
1415 1864 1456 1933 ap
1482 1838 1630 1921 edantur,

281 1928 381 1995 ceteri
404 1951 517 1997 eorum
540 1928 729 2020 exemplum
750 1928 928 2002 imitantur,
953 1940 989 1994 ut
1010 1930 1156 2020 quinque
1177 1951 1278 2017 regua
1301 1953 1343 1996 cx
1364 1951 1432 1997 uno
1454 1864 1545 1996 hant.

235 2012 354 2107 Neque
377 2027 487 2083 tamen
511 2015 676 2105 Antigono
697 2038 749 2082 res
773 2018 806 2080 in
829 2016 978 2116 Aegypto
1001 2020 1184 2106 procedunt
1198 2063 1367 2083 ......
1377 2017 1400 2080 “.
1425 2064 1433 2081 .
1458 2025 1478 2079 .“
1490 2061 1630 2082 .....
1687 2012 1755 2080 306
1819 2018 1933 2099 1183,

282 2127 345 2171 nec
366 2102 572 2183 Demetrius,
600 2126 798 2195 quamquam
821 2101 973 2169 adhibitis
996 2102 1149 2170 omnibus
1177 2102 1317 2185 artibus,
1345 2101 1567 2187 (Poliorcetes
1589 2101 1631 2168 ob
1688 2101 1755 2168 305

234 2188 1470 2379 Ραῖἶωοιῖιῗιω11111111ἶῖ1,11111111ἐᾚὲοῃιῖἓῖῑᾞῗξνὲιὲᾰεζ11ιὰ,ιὶ
1488 2235 1630 2380 ruitaria}
1687 2187 1756 2343 111
1820 2279 1917 2361 nos
2035 2339 2036 2346 r

283 2365 437 2434 adversus
460 2361 680 2434 Cassandrum
701 2373 792 2455 gerat,
819 2387 959 2456 eumque
981 2364 1022 2430 ad
1039 2364 1265 2448 Mace-doniam
1286 2387 1392 2457 usque
1413 2375 1630 2457 persequetur,

283 2453 341 2521 sed
364 2477 382 2519 a
404 2463 496 2558 patre
518 2452 553 2520 in
573 2455 686 2521 Asiam
709 2462 878 2519 revocatur
900 2497 1629 2522 .......................
1689 2450 1754 2521 301
1820 2454 1919 2540 1193

236 2539 304 2610 Ubi
382 2539 554 2609 ramaclus
576 2552 610 2608 et
631 2540 790 2609 Seleucus
812 2540 916 2631 copiis
938 2540 1120 2629 conjunctis
1142 2540 1345 2630 Antigonum
1373 2550 1408 2609 et
1434 2542 1505 2631 ejus
1526 2538 1632 2612 filium

285 2630 325 2696 ad
366 2652 476 2719 param*
492 2628 526 2696 in
549 2626 689 2719 Phrygia
718 2627 894 2696 devincunt
921 2632 1057 2714 (mense
1079 2630 1262 2718 Augusto),
1289 2628 1475 2719 Antigonus
1502 2631 1633 2719 octoge-

284 2717 394 2785 narius
417 2715 451 2784 in'
474 2740 580 2809 pugna
603 2717 795 2784 interficitur
832 2763 1168 2786 ............
1182 2729 1185 2736 '
1193 2760 1633 2786 ..............
1691 2713 1756 2784 301
1822 2719 1921 2804 11111

239 2804 371 2899 Syriam
391 2805 570 2882 Seleucus,
598 2803 709 2872 Asiam
737 2803 898 2872 minorem
924 2802 1140 2892 Lysimachus
1176 2815 1324 2896 occupat
1368 2802 1587 2873 Athenienses
1614 2826 1634 2870 a

283 2892 455 2962 Demetrio
478 2892 696 2961 desciscentes
725 2893 776 2959 sui
805 2893 884 2982 juris
914 2891 999 2960 liunt
1020 2891 1329 2984 (olympiodorus).
1373 2890 1562 2960 Demetrius
1588 2902 1634 2958 ta·

274 2982 511 3136 ‘menbaliqubas
527 2981 624 3049 Asiae
648 2980 783 3048 minoris
806 2981 903 3048 urbes
920 2992 959 3058 ,ct
976 2980 1118 3072 Cyprum
1142 2992 1175 3050 et
1191 2979 1317 3072 Tyrum
1338 2979 1521 3073 praesidiis,
1544 3002 1635 3049 mare

285 3072 359 3136 navi
381 3089 421 3137 us
444 3092 464 3136 o
487 3069 578 3137 tinet
631 3069 634 3076 “
722 3093 727 3104 ·
1306 3085 1311 3104 “

1669 609 1769 686 aclas.
1813 611 1923 695 Olymp.

154 3195 158 3202 ·
241 3156 459 3238 Stratonicea,
481 3157 698 3225 filium'suam
721 3179 740 3225 e
761 3154 873 3238 Phila,
897 3154 1121 3248 Antipatrid,
1145 3154 1287 3225 Seleuco
1309 3155 1464 3241 collocat,
1486 3154 1638 3228 Ciliciam

149 3317 153 3322 ·
241 3258 489 3404 uttt'ttttt
504 3289 679 3425 utut·
696 3289 879 3437 stetu
897 3292 1106 3423 tanat·
1119 3291 1179 3400 tr
1195 3290 1569 3424 stastatuta:
1593 3291 1635 3397 ::
1693 3242 1762 3400 13
1823 3248 1920 3394 33
1997 3425 2000 3432 ,

244 3424 442 3493 Cassander·
464 3423 498 3489 in
522 3421 712 3490 Macedonia
737 3431 871 3489 montur
906 3465 1636 3488 .......................
1693 3418 1760 3488 398
1824 3421 1923 3509 1203

240 3512 321 3606 Ejus
343 3510 401 3578 tilii
423 3512 464 3579 de
486 3533 587 3626 repno
609 3521 741 3578 certant
755 3509 840 3577 inter
855 3529 902 3576 se·
945 3505 1032 3576 Nam
1049 3505 1203 3599 Philippo
1218 3516 1359 3587 mortuo,
1382 3505 1555 3600 Antipater
1570 3529 1644 3574 nra.

285 3610 368 3668 trem
390 3622 484 3667 suam
506 3597 773 3680 'lhcssalouiceru
796 3596 948 3665 ultimam
975 3595 1111 3689 stirpem
1137 3605 1286 3665 veterum
1312 3617 1442 3686 regum,
1473 3592 1638 3680 interficit,

288 3688 345 3757 sed
368 3687 439 3794 ipse
461 3688 502 3753 ab
524 3686 711 3757 Alexandro
735 3685 872 3776 ejicitur.
1525 3737 1529 3748 ,
1594 3725 1597 3782 ’Ἴ

241 3776 430 3846 Demetrius
451 3774 597 3844 Athenas
619 3777 744 3865 (ejecto
760 3774 926 3866 Leochare
939 3774 1100 3863 tyranno)
1123 3782 1279 3865 occupat3
1300 3769 1501 3864 praesidium
1515 3770 1550 3839 in
1565 3794 1639 3865 por·
1752 3783 1756 3788 ’
2071 3833 2072 3838 ,

190 3893 195 3901 ·
286 3865 430 3934 tibus'et
450 3864 486 3930 in
508 3862 795 3955 Museo-imponit,
818 3861 944 3931 civibus
964 3862 1068 3968 parcit
1100 3906 1571 3929 ...............
1580 3906 1637 3931 ,..
1694 3855 1762 3927 395
1825 3863 1924 3953 1311
2008 3952 2010 3955 y

242 3951 394 4047 Spartam
417 3952 565 4020 obtinere
587 3975 654 4018 non
674 3962 800 4044 potest:
824 3962 858 4019 ct
878 3952 1010 4018 interum
1030 3947 1191 4041 quidquid
1211 3947 1248 4014 iu
1268 3945 1348 4034 Asia
1370 3948 1573 4040 possederat,
1594 3946 1638 4015 ab
1677 3951 1681 3958 '

84 4072 96 4080 ·
287 4040 495 4134 Lysimacho,
517 4039 669 4121 Seleuco,
692 4038 884 4108 Ptolemaeo
906 4048 1103 4131 occupatur.⁴

243 4128 336 4200 Idem
357 4129 554 4208 Alexandro,
577 4125 752 4196 Cassandri
772 4126 851 4207 filio,
875 4129 984 4195 occiso
1006 4143 1072 4194 rex
1090 4120 1138 4278 pt
1158 4123 1411 4194 Macedoniae.
1433 4169 1462 4192 ‚,
1465 4168 1638 4192 ......
1694 4121 1765 4192 294
1826 4128 1926 4217 131,3
2008 4137 2010 4142 ’

290 4229 324 4287 ct
344 4241 420 4286 cnm
440 4216 592 4307 Pyrrho,
613 4216 758 4309 Epirota,
781 4215 872 4305 regni
895 4214 1036 4316 aemulo,
1059 4213 1090 4282 le
1103 4212 1198 4281 iciter
1219 4211 1344 4280 bellum
1367 4213 1461 4303 gerit

244 4305 449 4385 Menander,
469 4310 565 4398 polita
590 4305 745 4386 comicus,
769 4303 994 4395 Cephisiensis
1015 4325 1057 4369 cx
1078 4301 1198 4384 Attica,
1221 4301 1266 4369 53
1289 4324 1450 4369 annorum
1471 4295 1640 4368 moritur.
1675 4299 1785 4388 (393)
1827 4306 1925 4393 1331

244 4395 433 4466 Demetrius
454 4417 531 4462 cum
552 4391 744 4461 Macedonia
771 4415 839 4475 nou
862 4401 1035 4460 contentus
1064 4393 1188 4481 majora
1241 4397 1325 4469 etat,
1358 4385 1586 4478 lysimachus
1608 4396 1642 4454 et

289 4482 449 4574 Pyrrhus
469 4483 505 4549 iu
528 4479 754 4549 Macedoniam
781 4480 995 4574 irruptionem
1021 4461 1156 4546 iaciunt.
1236 4475 1388 4544 emetrius
1416 4473 1642 4543 ablacedoni·

256 4571 352 4640 ‘bus
375 4571 534 4640 deseritur
557 4581 591 4637 et
605 4571 683 4661 luga
698 4569 837 4637 salutern
862 4567 999 4661 quaerit,
1020 4564 1232 4634 Macedonio
1250 4564 1384 4654 potitur
1407 4564 1550 4657 primum
1564 4561 1643 4654 Pyr·
1698 4562 1763 4632 387
1828 4569 1926 4654 1131

290 4660 380 4741 rhus,
402 4660 521 4740 deinde
544 4661 583 4742 (7
609 4658 777 4727 mensibus
798 4663 896 4749 post)
916 4653 1143 4746 Lysimachus
1175 4697 1642 4724 ................
1698 4651 1766 4720 386
1828 4657 1929 4746 1333

142 4783 150 4798 ·
246 4745 436 4818 Demetrius
458 4749 493 4815 in
512 4748 623 4814 Asiam
643 4747 769 4828 tramit,
792 4746 851 4813 sed
873 4745 914 4812 ab
931 4741 1120 4834 Agathocle,
1141 4738 1330 4832 Lysimachi
1350 4739 1431 4824 sulio,
1453 4738 1560 4808 metus
1573 4747 1644 4806 tan·
2031 4809 2033 4812 .
2067 4757 2069 4761 “
2123 4771 2133 4825 ss

292 4837 369 4906 dem
392 4853 433 4910 eu
456 4835 606 4924 adigitur,
627 4845 666 4903 nt
686 4833 829 4902 Seleuco
851 4856 973 4923 genero
993 4854 1032 4901 se
1054 4829 1221 4935 captivum
1241 4827 1349 4897 tradat
1375 4870 1644 4897 .........
1700 4824 1767 4895 386
1831 4833 1931 4921 1333
1960 4835 1963 4840 ’
2138 4873 2141 4878 1

246 4924 345 5021 Apud
367 4947 468 5019 quem
489 4925 666 5018 Apameae,
688 4921 805 5015 Syriae
825 4921 960 5015 oppido,
981 4919 1018 4990 in
1040 4919 1228 5014 captivitate
1249 4916 1387 4987 moritm
1406 4962 1418 4985 .
1439 4964 1450 4986 .
1472 4963 1482 4986 .
1503 4962 1516 4982 .
1537 4959 1579 5071 ,5
1602 4960 1645 4981 .-
1701 4913 1768 4984 383
1832 4921 1929 5012 1311
