4734 5809
847 654 853 660 ·
900 639 1100 704 mehr.
1179 659 1308 703 ιο.
2331 672 2337 680 ·

1315 754 1324 761 ·
1479 726 1764 800 deducit.
1850 727 1926 797 In
1959 727 2271 822 Hispania
2317 727 2446 797 ho'c
2490 751 2686 810 anno,
2731 751 2883 798 cum
2928 728 2972 798 4
3014 734 3267 798 tantum
3299 727 3642 799 Praetores
3686 728 3836 822 lege
3876 728 4116 800 Baebia
4149 753 4320 798 crea·

1482 830 1737 900 rentur,
1795 819 1901 886 ¹1⁸5.
1954 818 2282 886 Gracchus
2338 828 2409 885 et
2449 817 2523 884 L.
2573 818 2952 886 Postumius
2996 817 3361 911 proPraett.
3421 820 3501 886 de
3547 817 3899 887 Celtiberis
3956 829 4024 887 et
4069 818 4318 888 Lusita-

1433 942 1440 949 ’
1482 906 3020 1064 ”2335‘03²¹⁸ffiftffiss³⁸1ffiff33⁰2·.÷.¹{¹133'¹.÷23
3067 905 4319 1065 {2¹:33⁸.{{⁶³‘{.2¹;.A{L“.i.¹³22„‘:.t

1482 1018 1622 1237 {lie
1655 1043 1762 1234 ‘fle
1818 1067 1998 1174 prov.
2052 1104 2233 1151 cons.
2280 1083 2348 1151 9.
2435 1079 2717 1151 Basilica
2767 1081 2997 1151 Fulvia
3057 1083 3469 1164 aedificatur,
3508 1020 3670 1174 esino
3719 1082 3868 1150 loco
3914 1020 4141 1176 poel'ea
4199 1082 4322 1148 suit

1544 1194 1670 1238 em!
1704 1195 1787 1237 la·
4249 1201 4261 1224 ¹

829 1323 833 1329 ,
951 1253 1077 1325 178
1182 1253 1315 1322 576
1364 1256 1588 1325 ·Ὀοεε.
1634 1257 1737 1324 Μ.
1780 1255 2029 1324 lunius
2072 1255 2359 1334 Brutus,
2403 1256 2489 1325 A.
2536 1255 2850 1324 Manlius
2900 1254 3197 1345 Velm.)
3286 1254 3364 1324 A.
3409 1255 3694 1325 Manlius
3750 1257 4060 1325 adversus
4118 1254 4319 1326 Istros

1482 1343 1654 1413 male
1698 1369 1771 1413 re
1814 1355 1995 1435 gesta
2041 1345 2397 1413 tumultum
2442 1355 2580 1414 tota
2627 1346 2811 1413 ltalia
2868 1346 3141 1430 excitat,
3200 1343 3391 1430 dein,
3458 1345 3710 1437 collega
3768 1347 4148 1436 adjuvante,
4213 1344 4319 1411 da·

971 1493 979 1503 .
1272 1484 1334 1503 ..
1482 1455 1713 1500 mnnm
1760 1442 2100 1524 acceptum
2144 1433 2454 1500 resarcire
2500 1435 2737 1501 studet.

950 1518 1077 1587 177
1182 1516 1311 1583 577
1398 1519 1586 1588 Coss.
1635 1521 1710 1589 C.
1756 1519 2090 1589 Claudius
2132 1519 2459 1598 Pulcher,
2513 1521 2617 1589 Ti.
2660 1520 3099 1609 Sempronius
3146 1518 3570 1607 Gracchus.)
3628 1519 3737 1611 ¹0.
3772 1518 4086 1589 Claudius
4120 1518 4317 1588 lstros

1485 1610 1617 1697 jam
1663 1630 1701 1674 a
1744 1607 2070 1701 prioribus
2122 1607 2306 1676 Coss.
2352 1609 2592 1679 fractos
2637 1611 2718 1677 ad
2764 1610 3166 1678 deditionem
3211 1609 3434 1700 adigit,
3479 1610 3634 1677 inde
3681 1607 3953 1697 Ligures
3996 1607 4318 1700 profligat,

1486 1695 3990 1872 2122022'1'*1¹35?(itastltffxim'1²3⁰ffi50‘2'l‘32‘*&xz-dflssdssssttffiitzss
4025 1706 4318 1850 iffi?

955 1868 1080 1937 176
1184 1863 1317 1935 578
1400 1868 1587 1940 Coss.
1634 1871 1755 1940 Cn.
1806 1870 2158 1940 Cornelius
2201 1871 2323 1938 Sci
2343 1859 2437 1938 'io
2483 1871 2874 1961 Hispallus,
2916 1874 3066 1940 suff.
3109 1873 3184 1940 C.
3242 1871 3325 1942 V
3315 1871 3576 1939 alet-ins
3617 1870 4002 1948 Laevinus,
4059 1868 4319 1960 0.,Ρε·

1484 1958 1705 2028 tillim·
1759 1958 2160 2047 Spurinus)
2262 1897 2481 2028 Velar-
2551 1971 2618 2028 et
2672 1959 2971 2038 Petillios
3029 1962 3096 2028 in
3165 1960 3514 2050 Liguribus
3580 1959 3823 2028 bellum
3890 1967 4154 2062 gerunt,
4226 1957 4319 2024 ibi

1488 2046 1572 2132 Q.
1615 2045 1917 2114 Petillios
1964 2057 2068 2114 est
2110 2047 2386 2121 occisus,
2432 2057 2509 2114 ut
2550 2046 2744 2114 ambo
2791 2046 2978 2116 Coss.
3023 2049 3095 2140 in
3139 2071 3220 2116 eo
3267 2048 3649 2136 magistratu
3693 2058 3933 2116 mortui
3977 2047 4132 2114 sint.
4206 2045 4315 2113 Ti.

1488 2132 1820 2203 Gracchus
1866 2136 1931 2200 in
1980 2134 2278 2202 Sardinia
2321 2134 2601 2203 rebelles
2648 2136 3078 2238 persequitur.
4032 2168 4039 2172 ·

955 2217 1079 2286 175
1185 2214 1319 2284 579
1405 2219 1489 2320 Q.
1532 2221 1805 2290 Mucius
1847 2221 2223 2306 Scaevoia,
2271 2223 2363 2290 Μ.
2416 2222 2740 2290 Aemilius
2792 2221 3088 2314 Lepidus
3117 2219 3210 2290 ΙΙ
3251 2220 3444 2290 Pont.
3484 2219 3704 2307 Max.)
3789 2219 3923 2289 Per
3964 2220 4318 2377 ffioe‘f‘ffis‘

1089 2343 1100 2350 ·
1486 2307 1640 2377 facti
1685 2308 1871 2376 Coss.
1927 2310 2215 2394 Ligures,
2278 2314 2372 2374 ‘ul
2420 2310 2672 2410 Lunam
2724 2314 3038 2403 Pisasque
3083 2309 3462 2401 depopulati
3510 2320 3726 2392 erant,
3789 2309 4121 2400 subigunt.
4269 2334 4312 2376 ι.

1489 2395 1821 2465 Gracchus
1867 2398 1947 2462 ila:
1995 2398 2219 2462 Sardis
2295 2402 2524 2466 inmitis
2576 2402 2764 2466 trium
2816 2398 2948 2466 hat.
3037 2397 3266 2484 (Sardi
3310 2394 3641 2481 venales.)

952 2477 1081 2549 174
1186 2474 1320 2547 580
1401 2481 1595 2553 Coss.
1633 2483 1754 2588 Sp.
1799 2486 2191 2551 Postumus&
2235 2486 2522 2577 Albitius
2568 2490 2756 2554 Pars-l
2784 2490 2966 2565 uisis,
3004 2486 3087 2576 Q.
3129 2485 3399 2554 Mtct'us
3441 2482 3859 2569 Scaevola.)
3948 2480 4025 2551 L.
4068 2482 4315 2578 Scipio,

1487 2573 1628 2640 sive
1671 2595 1729 2639 ιε
1776 2559 1899 2638 Cn.
1947 2574 2099 2654 fuit,
2175 2574 2456 2642 Africani
2508 2574 2676 2642 lilius
2724 2578 3038 2662 degener,
3108 2573 3313 2662 gratia
3360 2572 3637 2659 Cicereii
3697 2571 3860 2639 olim
3904 2572 4166 2641 clientis
4210 2571 4315 2640 sui

1487 2659 1758 2728 Praetor
1801 2659 1927 2726 huc
1975 2686 2147 2726 tumn
2195 2662 2400 2754 factus
2448 2666 2736 2730 traditur.
2832 2669 2908 2750 Q.
2959 2661 3292 2735 Voconius
3336 2658 3509 2728 Saxa
3555 2657 3732 2728 Trib.
3780 2656 3870 2751 pt.
3917 2656 4132 2750 legem
4149 2683 4318 2815 xpcr-

1487 2748 1616 2815 fert
1670 2746 1751 2815 de
1809 2750 2155 2814 :utiliorum
2219 2750 2720 2834 hereditatibus,
2788 2773 2986 2842 quam
3032 2749 3199 2817 Cato
3257 2750 3344 2821 65
3399 2747 4014 2816 annorumauadet.
4102 2750 4135 2832 (
4208 2748 4315 2816 ide

1486 2857 1611 2902 nos
1656 2837 1735 2901 ad
1782 2833 1919 2902 Cic.
1971 2838 2031 2902 in
2087 2838 2355 2902 Vari-am
2400 2842 2452 2918 Ι,
2488 2842 2640 2922 sn.)
2732 2838 2963 2906 [ianas.
3008 2837 3090 2924 Q.
3135 2836 3440 2916 Fulvius,
3485 2836 3569 2922 Q.
3612 2835 3677 2913 f„
3724 2833 4016 2917 Flaccus,
4061 2836 4143 2907 A.
4196 2834 4314 2903 Po.

1486 2923 1766 2991 sturnius
1815 2926 2093 2992 Albinus
2138 2948 2363 2993 severe
2411 2926 2854 3017 magistratum
2903 2935 3243 3007 exercent,
3290 2947 3439 2990 cum
3486 2926 3567 3009 Q.
3615 2921 3888 2991 Fulvius
3930 2923 4314 3014 ipsum-fra·

1482 3022 1654 3078 trem
1698 3034 2081 3102 germanum
2124 3013 2250 3080 Cn.
2293 3012 2599 3081 Fulvium
2643 3025 2876 3082 senatu
2919 3023 3202 3081 moveat.
3290 3011 3378 3080 Hi
3425 3011 3654 3080 Censs.
3712 3010 3849 3080 vias
3905 3010 3974 3079 in
4030 3011 4192 3081 urbe
4232 3013 4316 3082 si-

1485 3097 1613 3168 lice
1658 3098 2042 3168 sternendas
2086 3099 2484 3181 locaverunt,
2529 3101 2676 3170 Liv.
2708 3101 2817 3183 41,
2854 3103 2962 3170 27.

911 3182 1077 3267 ,173
1184 3173 1321 3268 581
1399 3183 1587 3255 Coss.
1634 3185 1719 3254 L.
1766 3185 2161 3255 Postumius
2214 3189 2535 3269 Albinus,
2598 3189 2702 3258 M.
2758 3188 3106 3279 Popillius
3144 3185 3503 3274 Laenas.)
3591 3184 3913 3277 Popillius
3945 3184 4120 3267 ,Cos
4179 3186 4315 3258 bet.

962 3286 966 3292 '
1257 3310 1266 3316 -
1487 3275 1627 3341 lum
1674 3274 1817 3341 adv.
1863 3273 2139 3364 Ligures
2184 3275 2522 3345 Statiellos
2565 3276 2751 3366 gerit,
2800 3278 2869 3346 in
2915 3299 3160 3368 cosque
3206 3274 3463 3343 deditos
3507 3275 3785 3362 graviter
3829 3275 4150 3358 consulit,
4193 3276 4314 3343 im·

4229 2178 4241 2187 κ

1488 3363 1808 3454 probante
1853 3375 2105 3432 senatu.
2192 3365 2296 3432 Ab
2343 3364 2547 3432 altero
2594 3365 2747 3433 Cos.
2807 3365 3106 3457 privatim
3154 3361 3596 3432 Praenestinis
3651 3362 3851 3444 irato,
3907 3362 4314 3466 perniciosus

1488 3475 1636 3518 mos
1681 3452 1987 3518 inventus
2034 3461 2157 3532 est,
2203 3462 2279 3521 ut
2319 3454 2486 3522 socii
2531 3453 2792 3547 publice
2823 3455 3235 3544 magistratus
3268 3450 3464 3519 Rom.
3503 3449 3856 3544 excipiant,
3902 3452 4118 3542 iisque
4144 3475 4314 3545 quaa

1484 3538 1821 3632 postulent
1865 3540 2235 3628 praebeant.
3224 3618 3228 3622 ,
4214 3626 4219 3629 ,

1697 3624 2099 3718 Frequentes
2146 3627 2504 3719 legationes
2551 3627 2632 3695 ad
2677 3625 2948 3696 Aetolos
2975 3625 3297 3697 Thessalo
3423 3650 3465 3696 e
3503 3624 4111 3719 componendarum
4146 3626 4313 3696 sedi-

1488 3714 1745 3781 tionum
1792 3737 2021 3796 causa,
2061 3715 2219 3783 item
2264 3716 2348 3781 ad
2393 3714 2724 3797 Achaeos,
2767 3715 3169 3797 Eumenem,
3194 3727 3199 3735 '
3225 3713 3350 3783 Pto
3374 3737 3679 3783 emaeum
3722 3715 4099 3799 mittuntur,
4159 3715 4311 3807 quia

904 3843 911 3849 -
1483 3800 1732 3868 bellum
1779 3825 1927 3870 cum
1975 3802 2216 3872 Perseo
2258 3803 2696 3872 Macedonum
2738 3827 2809 3870 re
2856 3827 2893 3869 e
2937 3803 3184 3871 dudum
3226 3813 3682 3897 praeparatum
3726 3800 4044 3871 imminet.

949 3883 1077 3954 172
1182 3883 1315 3954 582
1398 3887 1585 3957 Coss.
1634 3889 1705 3957 C.
1756 3888 2098 3977 Popillius
2156 3891 2474 3973 Laenas,
2546 3891 2636 3959 P.
2693 3891 2796 3961 Ae
2822 3893 2929 3958 ius
2990 3888 3229 3980 Ligus,
3305 3891 3508 3959 ambo
3557 3889 3855 3980 primum
3903 3890 3993 3960 dc
4035 3888 4312 3982 plebe.)

834 3976 842 3997 '
1484 3975 1760 4068 Ligures
1804 3976 2086 4046 Statielli
2131 3980 2359 4071 populi
2403 3982 2588 4071 jussu
2632 3980 2702 4047 in
2747 3979 3114 4047 libertatem
3159 3978 3609 4048 restituuntur.

1695 4063 2033 4134 Eumenes
2071 4091 2208 4149 rex,
2255 4067 2536 4137 Romam
2580 4091 2732 4138 cum
2776 4067 3064 4136 venisset
3106 4068 3365 4137 eximiis
3395 4065 3751 4136 honoribus
3792 4076 4082 4147 ornatus,
4125 4089 4312 4136 sena·

1481 4164 1627 4221 tum
1671 4152 1755 4220 ad
1801 4153 2046 4246 bellurn
2091 4177 2241 4224 cum
2288 4155 2534 4224 Perseo
2576 4159 2876 4248 protinus
2919 4157 3280 4246 gerendum
3325 4154 3727 4223 adhortatur:
3787 4178 3940 4222 eum
3985 4166 4309 4224 reverten-

1480 4252 1617 4311 tem
1662 4264 1869 4334 prope
1910 4240 2212 4336 Delphos
2254 4242 2543 4313 latrones
2580 4267 2626 4312 a
2670 4243 2913 4313 Perseo
2959 4243 3263 4313 conducti
3308 4245 3689 4337 opprimunt
3742 4265 3822 4309 ac
3862 4265 4072 4335 paene
4115 4243 4309 4312 inter·

1481 4328 1730 4411 ficiunt,
1782 4341 1931 4424 post
1975 4331 2154 4422 quod
2198 4333 2444 4400 factum
2485 4343 2754 4402 'senatus
2798 4332 3184 4401 amicitiam
3226 4331 3484 4400 Perseo
3528 4331 3901 4411 renuntiat,
3946 4341 4017 4400 et
4057 4330 4308 4400 bellum

1480 4441 1738 4487 summa
1785 4442 1938 4487 cura
2001 4432 2215 4511 parat,
2276 4420 2658 4515 legatosque
2721 4421 2803 4488 ad
2856 4420 3075 4490 socios
3120 4419 3204 4488 de
3249 4419 3511 4486 auxiliis
3570 4418 4054 4499 circummittit,
4126 4429 4193 4488 et
4234 4419 4304 4487 in

1478 4506 1764 4575 Africam
1811 4508 1924 4611 qui
1967 4507 2217 4576 bellum
2260 4507 2433 4577 inter
2473 4509 2887 4578 Masinissam
2931 4519 3002 4578 et
3048 4506 3618 4598 Carthaginienses
3663 4517 4080 4600 componant.

943 4590 1068 4660 171
1177 4589 1308 4662 583
1394 4592 1581 4663 Coss.
1630 4594 1713 4663 P.
1760 4593 2068 4664 chinius
2114 4597 2451 4677 Crassus5
2505 4598 2579 4666 0.
2630 4597 2912 4666 Cassius
2963 4593 3356 4684 Longinus,
3422 4594 3587 4663 item
3636 4593 3843 4662 ambo
3899 4594 3987 4662 de
4032 4593 4307 4686 plebe.)

1235 4740 1240 4745 .
1480 4681 1724 4751 Perseo
1769 4681 2000 4773 legatis
2041 4683 2173 4752 huc
2215 4685 2374 4753 illuc
2417 4686 2754 4754 mittendis
2799 4693 3239 4777 opportunum
3285 4682 3444 4751 belli
3487 4681 3756 4787 gerendi
3811 4693 4072 4773 tempus
4116 4683 4308 4776 perit,

1479 4770 1636 4838 dum
1682 4769 1754 4837 P.
1802 4769 2093 4841 Licinius
2140 4797 2288 4842 cum
2338 4773 2597 4865 egregio
2628 4772 2834 4841 ferme
2865 4773 3088 4863 30000
3131 4770 3270 4840 mil.
3305 4782 3595 4840 exercitu
3637 4773 3706 4838 in
3746 4768 4154 4838 Thessaliam
4197 4795 4304 4841 ve-

1475 4859 1596 4927 nit.
1686 4856 1915 4964 Neque
1961 4869 2181 4929 tamen
2226 4861 2630 4953 improspere
2677 4860 2923 4928 bellum
2968 4880 3007 4927 a
3051 4881 3207 4950 rege
3250 4859 3420 4928 circa
3464 4857 3793 4934 Larissam
3822 4859 4133 4963 geritur,
4186 4858 4302 4953 qui

1477 4947 1535 5016 si
1577 4946 1715 5016 suis
1759 4947 2006 5016 viribus
2048 4950 2119 5017 in
2164 4959 2346 5018 tanta
2378 4949 2778 5018 Graecorum
2819 4949 3116 5018 omnium
3145 4949 3588 5043 propensione
3630 4946 4027 5032 confidisset,
4075 4946 4302 5018 delere
