4734 5809
1095 479 1468 538 -xpm—

425 679 527 726 rursm
545 657 708 725 eorundem
728 655 835 722 medes
853 675 889 721 sc
908 654 1020 721 minas.
1061 653 1124 721 Sed
1139 653 1220 720 nibil
1247 673 1343 741 aequo
1365 656 1476 720 mirari.
1493 650 1664 743 quampiam
1688 659 1818 739 subant,
1838 677 1930 746 quam
1955 663 2040 730 nude
2061 663 2137 729 baec

424 772 511 828 tanta
528 761 695 846 iuoritlper
710 760 802 825 besee
819 761 922 824 turbas
940 762 975 822 in
989 760 1134 824 omnium
1159 761 1269 824 animis
1293 761 1414 844 imperii
1429 759 1561 824 Romani
1585 766 1769 839 reverentia,
1798 781 1868 830 cum
1894 768 2032 849 quemme
2050 770 2138 831 multi

319 927 321 931 Α
362 927 367 936 ,
425 866 548 948 singulis
567 867 600 926 in
625 864 699 936 locis
725 868 889 927 existerent
911 881 1051 932 summac,
1071 859 1226 942 dignitatis
1250 864 1454 938 affectatores,
1484 863 1543 925 hoc
1560 870 1671 927 tamen
1695 861 1833 932 omuibus
1851 879 2031 951 'persuasum
2051 878 2137 947 esset,
2176 905 2180 912 ·

426 988 521 1031 anum
537 966 798 1050 esseImperium,
816 953 897 1048 cuod
917 965 1020 1028 divelli
1039 965 1224 1049 crepuerat,
1244 986 1302 1030 uec
1320 967 1381 1029 ulla
1401 968 1518 1028 ratione
1538 967 1649 1029 liceret

489 1121 492 1125 l
524 1070 608 1132 Inter
627 1073 763 1133 auctores
782 1061 888 1131 rernm
911 1074 1061 1150 gestarum
1085 1068 1185 1150 primo
1212 1070 1278 1131 loeo
1304 1070 1452 1131 nominari
1476 1076 1596 1151 oportet
1615 1069 1754 1133 Dionem
1780 1072 1944 1153 Cossium,
1974 1077 2028 1158 qni
2046 1075 2138 1138 hisso

426 1174 503 1235 cmm
521 1171 691 1236 Romanam
710 1170 865 1253 usquead
884 1189 911 1232 a.
933 1168 993 1232 229
1013 1177 1045 1232 et
1062 1168 1226 1253 Imperium
1247 1170 1432 1235 Alexandri
1451 1170 1566 1234 Soceri
1589 1173 1731 1249 deduxit,
1762 1193 1830 1237 cnm
1855 1176 1929 1238 alibi
1952 1195 2014 1239 non
2039 1186 2138 1242 conte·
2260 1205 2264 1209 ·

426 1275 582 1352 mneudus,
602 1282 668 1337 tum
686 1274 721 1336 in
739 1273 798 1335 bac
817 1273 916 1355 operis
935 1279 1022 1356 parte
1040 1274 1127 1338 testis
1146 1273 1412 1355 locupletissimus,
1434 1289 1493 1355 qus
1514 1275 1586 1356 quid
1605 1276 1670 1358 ipse
1688 1275 1799 1338 viderit
1818 1283 1849 1339 et
1868 1298 1941 1340 sero
1961 1281 2053 1342 etiam
2073 1297 2141 1360 ego·

425 1379 477 1455 rit,
495 1377 659 1460 descripsit.
700 1374 863 1457 Scd'ejus,
892 1382 929 1437 ut
948 1395 1038 1459 supra
1057 1375 1172 1438 dictum
1192 1383 1253 1455 cst,
1273 1379 1426 1459 epitomen
1444 1377 1654 1439 tantummodo
1673 1378 1814 1458 legimns,
1844 1380 1949 1442 utilem
1969 1375 2054 1443 illam
2074 1383 2139 1463 qui·

426 1480 505 1558 dem,
525 1480 577 1542 sed
596 1478 673 1540 nibil
692 1478 731 1538 ad
749 1495 856 1540 rernm
876 1478 1162 1560 Dionem.11taqae
1182 1479 1422 1561 saepins‚·quam
1442 1479 1582 1564 alioquin
1595 1497 1670 1562 opas
1690 1487 1777 1553 esset,
1798 1482 2017 1564 respiciendum
2036 1491 2083 1546 est
2101 1484 2140 1545 ad

424 1581 667 1655 Herodianum,
697 1581 750 1662 qni
770 1587 801 1640 et
820 1581 885 1662 ipse
905 1580 1019 1643 Graece
1038 1588 1107 1643 octo
1126 1580 1211 1642 libris
1231 1555 1387 1643 historiam
1406 1580 1446 1642 59
1472 1600 1635 1659 annorum,
1667 1580 1704 1643 ab
1731 1582 1819 1644 initio
1842 1582 1932 1664 hujus
1950 1587 2067 1668 periodi
2086 1603 2138 1646 no·

425 1691 521 1761 abac,
546 1686 574 1756 is,
588 1703 613 1745 e.
635 1702 653 1744 a
670 1681 734 1743 fine
752 1681 827 1764 Imp
848 1682 958 1760 Marci,
984 1703 1079 1765 usque
1099 1683 1137 1744 ad
1154 1684 1279 1744 initium
1296 1684 1380 1744 tertii
1400 1683 1545 1745 Gordiani
1565 1686 1607 1745 ita
1624 1683 1799 1766 descripsit,
1829 1693 1864 1747 ut
1883 1687 2029 1749 lectorum
2048 1686 2138 1749 hone-

425 1794 490 1849 stac
510 1786 700 1848 delectationi
719 1786 815 1866 magis
835 1804 926 1867 qnam
951 1787 1130 1847 accuratiori
1157 1785 1366 1848 historicorum
1391 1786 1489 1848 studio
1515 1787 1697 1849 consuluisse
1721 1787 1889 1865 videretur,
1919 1808 2018 1870 neque
2037 1797 2140 1850 tomen

332 1941 337 1942 ff
418 1881 527 1950 'rerum
551 1886 643 1949 iidem
667 1887 839 1968 negligeret
890 1887 959 1949 Jam
984 1908 1061 1950 vcro
1078 1887 1256 1950 heduorum
1274 1891 1460 1972 ,scriptorum
1485 1891 1623 1972 (practer
1642 1888 1820 1972 Eutropium
1842 1897 1880 1952 et
1902 1889 2059 1968 Victores)
2084 1891 2140 1953 soli

424 1990 602 2072 scriptores
620 1989 780 2052 timorosa
797 1990 964 2071 Aufinates
981 1997 1103 2071 praesto
1120 1997 1206 2069 sunt,
1236 1991 1275 2053 de
1300 1991 1408 2073 quibus
1433 1992 1556 2073 singulis
1582 1993 1608 2053 si
1632 1990 1691 2053 hoe
1716 1992 1783 2054 loco
1807 2012 1958 2075 exponere
1983 1993 2139 2069 reflamus,

305 2150 307 2154 ,
423 2094 503 2176 justo
522 2092 638 2173 longior
658 2091 819 2173 disputatio
840 2097 918 2153 esset
937 2092 1130 2154 instituenda.
1171 2092 1240 2154 Sed>
1254 2093 1313 2156 hoc
1332 2093 1442 2156 addere
1468 2094 1578 2172 debeo,
1603 2095 1686 2176 quod
1710 2093 1762 2156 diu
1781 2095 1934 2157 versandis
1953 2094 2036 2158 hisce
2053 2095 2139 2158 libris

360 2209 366 2220 '
423 2194 608 2257 intellexisse
627 2193 703 2255 mini
722 2192 844 2270 videor,
874 2211 1054 2274 magnopere
1082 2193 1146 2254 falli
1166 2192 1364 2271 salmasium,
1395 2196 1449 2276 qui
1472 2198 1628 2279 opinetur,
1659 2198 1794 2259 omnium
1817 2197 2035 2280 Imperatorum
2059 2201 2139 2261 vitas

423 2316 519 2377 nequo
548 2296 589 2357 ad
611 2295 817 2359 Alexandrum
841 2293 990 2356 Severum
1018 2294 1056 2357 ab
1086 2315 1147 2357 uno
1175 2296 1323 2378 scriptore
1347 2295 1439 2358 Aelio
1464 2296 1645 2376 Sportiuno
1669 2298 1861 2377 Laorpridia
1890 2300 2039 2379 pmtectas
2066 2321 2138 2364 asso.

423 2395 503 2459 Nam
520 2400 547 2460 si
566 2403 633 2481 qais
652 2397 745 2460 ullam
761 2399 827 2459 rim
846 2398 878 2456 in
899 2396 1069 2480 hujusmodi
1088 2396 1177 2459 rebm
1197 2397 1309 2480 judicio
1327 2395 1453 2478 legentis
1471 2397 1604 2458 tribuere
1615 2395 1715 2473 -velit,
1743 2396 1879 2478 protecto
1894 2395 2047 2477 inveniet,
2073 2408 2139 2464 tan·

423 2508 489 2563 tum
509 2521 573 2562 csse
593 2500 851 2563 discrimen-inter
869 2501 965 2576 vitas,
994 2519 1074 2583 quau
1092 2499 1147 2562 sub
1166 2502 1290 2562 nomine
1308 2497 1473 2580 Lampridii
1492 2499 1629 2560 teruntur
1648 2498 1815 2581 (imprimis
1835 2491 2138 2577 commoratione

423 2603 521 2686 gabeli
541 2611 572 2666 et
585 2603 759 2667 'Akxandri
776 2597 933 2682 S'evcri),¹
946 2608 979 2664 ot
997 2604 1078 2666 inter
1096 2620 1164 2680 eas,
1181 2605 1266 2683 tquae
1283 2600 1449 2684 spartiano
1466 2598 1655 2675 tribuuntur,
1684 2607 1719 2661 ut
1738 2600 1870 2683 ejusdem
1890 2605 2024 2666 auctoris
2039 2614 2137 2667 utrae-

424 2726 485 2789 que
504 2725 572 2768 esse
587 2711 746 2788 nequeant
787 2703 936 2766 Nimirum
954 2704 1154 2786 Spartans
1172 2704 1330 2766 mediocris
1350 2710 1397 2765 est
1415 2705 1552 2785 scriptor,
1572 2703 1782 2782 Lampridius
1799 2705 1960 2786 pessimnss
1989 2706 2027 2769 de
2046 2706 2136 2776 Jalio

425 2808 619 2888 Capitolino·
632 2810 667 2869 in
684 2809 748 2870 hac
759 2814 848 2890 parte
862 2827 928 2870 -non
952 2807 1263 2889 reorum-quominus
1280 2807 1363 2868 ritae
1382 2805 1562 2882 Pertinacis,
1589 2805 1693 2866 Albini
1713 2814 1744 2867 ct
1762 2805 1893 2878 Macrini
1909 2807 1947 2870 ab
1967 2829 2003 2871 eo
2023 2810 2136 2892 abjudiss

424 2918 530 2990 centur
548 2918 580 2972 et
592 2911 754 2994 Spartiatae
774 2917 973 2993 apponantur,
994 2911 1079 2994 enjus
1096 2908 1246 2971 scribendi
1264 2910 1368 2989 generi
1387 2909 1520 2970 maxime
1532 2909 1722 2977 conveniunt
1763 2907 1865 2971 Ceteri
1883 2911 2042 2993 scriptores
2055 2921 2135 2988 sunt,

422 3014 461 3075 de
482 3013 590 3095 quibus
609 3014 702 3096 vulgo
719 3015 877 3090 convenit,
895 3013 1006 3076 Julius
1023 3011 1245 3094 Capitolinas,
1271 3012 1325 3093 qni
1343 3010 1472 3078 tuomm
1489 3010 1723 3073 Maximinorum
1742 3010 1858 3094 (patris
1876 3020 1908 3075 et
1926 3011 2024 3093 tilii),¹
2041 3018 2135 3082 trium
2219 2996 2223 3010 ’

422 3116 642 3178 Gordianorum
662 3117 701 3179 et'
714 3117 841 3178 Maximi
861 3122 892 3177 et
909 3115 1029 3177 Balbini
1047 3115 1128 3179 vitas
1144 3116 1227 3197 jussu
1247 3113 1439 3176 Constantini
1457 3113 1832 3195 Angusti'oonsarcinavit
1864 3114 2040 3179 Trebellius
2058 3116 2134 3180 Pol·

422 3218 485 3294 tto,
504 3221 558 3300 qni
578 3216 742 3296 Valeriani,
758 3219 921 3296 Gelidum,
933 3217 1055 3300 triginta
1074 3224 1274 3298 tyrannorum
1294 3224 1326 3279 et
1344 3217 1408 3279 diri
1428 3216 1547 3279 Claudii
1566 3237 1614 3278 res
1633 3225 1730 3299 gestas
1755 3211 1867 3280 litteris
1881 3218 2028 3300 prodidit,
2052 3220 2134 3280 deui-

421 3341 482 3403 que
500 3321 550 3383 Fr.
571 3321 745 3403 Vopnous,
762 3323 872 3385 aciens
890 3323 1069 3402 accuratior,
1087 3319 1175 3406 cajus
1190 3319 1276 3385 vitae
1291 3327 1362 3384 snut
1379 3319 1551 3399 Aureliani,
1570 3318 1684 3397 Taciti,
1702 3319 1805 3398 Probi,
1823 3319 1896 3382 Cari
1915 3327 1946 3382 et
1966 3329 2133 3384 ceterorum

422 3423 650 3505 ajustenpoiis
669 3431 876 3505 tyrannorum
1007 3479 1012 3486 .

521 3524 580 3586 Hic
597 3524 800 3587 Diocletiani
818 3535 955 3610 tempora
973 3529 1135 3610 ingressos,
1158 3525 1285 3592 Latinae
1304 3528 1423 3592 litterae
1441 3546 1496 3591 nos
1515 3528 1742 3611 derelinquunt,
1768 3544 1825 3590 nec
1844 3534 2007 3610 suppetunt
2025 3529 2133 3590 Graeci
2226 3563 2228 3567 ·

420 3628 590 3710 scriptores
630 3626 775 3709 Superest
789 3630 911 3710 quidem
930 3631 1089 3706 Zosimus,
1104 3632 1243 3714 quicum
1262 3650 1366 3713 causas
1382 3629 1512 3694 labentis
1532 3640 1564 3694 et
1577 3633 1730 3714 pereuntis
1750 3629 1869 3711 imperii
1888 3627 2017 3692 Romani
2037 3631 2132 3712 expli·

421 3731 491 3793 ears
510 3737 541 3792 et
560 3748 579 3792 a
597 3727 757 3792 'theodosii
776 3740 873 3794 morte
892 3734 988 3815 justae
999 3734 1149 3796 historiae
1168 3735 1292 3797 initium
1308 3736 1411 3799 iecore
1425 3736 1586 3810 vombset,
1606 3733 1696 3793 nimIs
1715 3731 1776 3792 alte
1795 3751 1860 3793 rem
1879 3738 2018 3814 repetens
2036 3739 2132 3830 totam

385 3873 388 3877 -
420 3831 578 3896 historiam
595 3831 765 3894 Romanam
785 3839 946 3913 enarravit,
965 3837 1010 3898 ita
1028 3843 1064 3899 ut
1084 3856 1145 3920 que
1163 3838 1378 3920 propinarem
1396 3839 1489 3900 aetati
1507 3835 1625 3898 emines
1644 3835 1684 3914 (i.
1705 3853 1731 3895 e.
1756 3833 1907 3896 saeculnm
1927 3856 1957 3916 p.
1978 3833 2049 3898 Chr.
2070 3845 2131 3898 nat.

283 4021 286 4022 ⁷
421 3937 559 4019 quintum
566 3936 585 4017 )·
600 3937 749 4019 copiosior
766 3935 861 4000 fieret
900 3935 1010 4022 Itaque
1021 3940 1132 4022 priore
1150 3939 1227 4002 libro
1247 3942 1385 4002 omnium
1401 3940 1620 4022 Imperatorum
1638 3955 1734 4018 usspre
1753 3936 1792 3997 ad
1812 3936 2035 4000 Diocletianum
2052 3923 2132 3999 vitas

339 4095 349 4110 ,
420 4053 582 4121 moresque
598 4038 734 4102 breviter
748 4040 902 4123 designat,
932 4042 1040 4106 atero
1062 4044 1209 4126 temporis
1234 4043 1330 4105 multo
1354 4043 1453 4104 minus
1477 4041 1624 4124 epatium,
1650 4039 1693 4101 75
1710 4057 1874 4117 annerum,
1902 4037 2131 4102 aDioeletiano
2246 4091 2256 4100 .

420 4159 517 4225 nsque
547 4143 763 4216 ottobonum·
787 4143 947 4212 Cumauam
976 4146 1161 4209 declaratum
1188 4163 1215 4208 n
1240 4144 1303 4208 355
1329 4143 1483 4221 describit,
1516 4141 1619 4208 tertio
1643 4139 1756 4212 tattoni
1784 4148 1817 4202 et
1839 4140 1960 4205 Ioviani
1984 4148 2131 4227 tempora,

419 4254 541 4327 quarto
569 4246 692 4309 tandem
722 4247 760 4309 ad
785 4246 947 4311 Theodosii
974 4256 1105 4311 mortem
1135 4255 1167 4311 ct
1195 4247 1316 4310 initiam
1342 4266 1505 4330 puerorum
1529 4244 1652 4308 Arcadii
1680 4249 1711 4305 ct
1730 4241 1857 4305 Honorii
1876 4247 1964 4327 quasi
1980 4254 2129 4329 penetrat.

420 4346 487 4410 Sed¹
503 4348 582 4411 malo
602 4349 735 4431 modam
751 4369 826 4413 casn·
841 4352 923 4432 (nisi
938 4351 1015 4414 torte
1034 4350 1067 4413 id
1085 4350 1225 4421 eomalto
1242 4369 1266 4411 a
1282 4348 1411 4412 librariis
1430 4347 1609 4413 Christianis
1634 4339 1749 4410 iactum
1771 4346 1919 4425 dletmas)
1940 4349 1987 4410 ita
2011 4351 2131 4428 accidit,

419 4457 456 4514 nt
479 4449 643 4514 linis··libri
661 4452 677 4513 I
701 4459 733 4515 et
756 4454 877 4516 initium
900 4454 969 4517 libri
987 4452 1042 4530 1t,
1054 4473 1119 4536 quo·
1133 4453 1201 4518 loco
1219 4451 1405 4517 Diocletiani·
1421 4452 1582 4536 Imperium
1601 4449 1786 4532 susciptum-
1800 4458 1881 4528 erat,
1911 4453 2049 4533 perierim
2073 4455 2128 4516 ita·

420 4573 486 4634 que'
498 4555 536 4614 in·
551 4554 613 4617 bac
627 4556 803 4636 grammima
820 4557 969 4620 historiae
983 4562 1073 4640 parta
1094 4575 1217 4640 prorsus
1242 4555 1281 4617 ad
1300 4555 1441 4640 Eutropii
1464 4562 1497 4618 et
1522 4554 1676 4636 utriusque
1694 4545 1827 4616 Victoris
1846 4561 1879 4615 et
1896 4553 2031 4619 Zonarm
2050 4574 2128 4617 com·

419 4656 533 4739 pendia
550 4654 781 4742 consopiendam
799 4666 854 4723 est
893 4659 967 4721 Huc
980 4660 1130 4742 imprimis
1148 4658 1353 4743 adjungendus
1372 4666 1419 4723 est
1437 4658 1609 4733 Eusebius,
1634 4656 1790 4740 episcopus
1809 4655 2024 4735 Caesariensis,
2048 4660 2127 4741 prin·

420 4777 490 4842 ceps
509 4758 657 4825 historiae
671 4762 893 4825 ecclesiasticae·
909 4751 1026 4844 (mque
1041 4763 1126 4824 artas
1146 4757 1247 4840 32⁴),
1276 4781 1338 4825 non
1366 4782 1426 4844 qno
1451 4763 1515 4844 ejus
1540 4759 1619 4822 fides
1633 4760 1668 4820 in
1684 4758 1893 4822 describendis
1912 4759 2128 4842 Imperatomm

419 4862 553 4927 nosco
567 4864 973 4962 ⁴magnopere*transmontani
992 4866 1102 4948 possit,
1122 4864 1179 4929 sed
1199 4864 1281 4948 pust
1299 4866 1393 4950 ipsius
1417 4863 1569 4945 nuperis
1585 4859 1777 4930 oausam
1800 4863 1931 4930 munda
1953 4870 1990 4928 et
2003 4862 2129 4927 adrem
