4734 5809
208 716 213 724 .
1653 661 1753 724 aclas.
1797 662 1909 744 olymp.

213 753 472 850 Tissaphernem
492 751 604 848 fugat·
615 750 755 848 Lydiam
774 751 950 847 populatur
978 800 1350 826 ............
1363 745 1368 762 “
1373 799 1611 821 ........
1670 750 1736 822 395
1819 755 1900 841 96,ss

213 841 471 952 Tissaphernem
493 868 531 962 sp
554 843 653 938 plicio
669 841 1058 950 affectumlithruustes
1079 851 1212 949 secutus
1233 839 1359 945 legatos
1381 839 1416 907 in
1430 839 1611 944 Graeciam,

259 929 1611 1121 stotazrt,1„tststtzoatntrthnsnu‚1frruffe
1668 1002 1747 1088 nx

215 1107 311 1179 Illico
327 1107 488 1190 Thebani,
511 1110 590 1176 dum
605 1106 793 1190 Phocenses
809 1118 973 1198 premunt,
995 1106 1265 1200 Lacedaemonis
1281 1102 1360 1174 belh
1375 1128 1507 1174 causam
1520 1125 1610 1197 prae
1755 1131 1759 1139 ·
1789 1127 1793 1136 ’

260 1198 350 1266 bent.
394 1194 578 1286 &sunder
599 1205 792 1282 contraeas
813 1196 934 1265 missus
957 1196 1115 1276 occiditur
1135 1196 1303 1351 inpugna
1325 1191 1367 1259 ad
1387 1191 1596 1260 Haliartum
1668 1189 1734 1261 395
1863 1239 1874 1274 ,

214 1284 292 1375 Quo
315 1284 402 1353 facto
424 1305 500 1353 cum
515 1283 732 1353 Athenienses
754 1305 831 1353 suas
852 1285 965 1377 copias
980 1284 1148 1354 Thebanis
1170 1307 1188 1350 a
1212 1281 1407 1373 junxissent,
1429 1280 1609 1350 Pausanias

260 1395 338 1442 cum
360 1371 462 1441 altero
485 1395 590 1441 exerc.
605 1370 938 1440 Lacedaemoniorum
959 1372 1072 1443 hostes
1094 1371 1228 1463 aggredi
1248 1391 1317 1440 non
1339 1391 1449 1454 ausus,
1471 1368 1610 1439 Boeotia

261 1459 400 1540 excedit,
422 1481 502 1529 mox
524 1484 597 1528 enm
619 1460 663 1528 ob
685 1471 817 1528 causam
840 1459 956 1553 capitis
978 1462 1161 1529 damnatus.
1257 1493 1260 1508 >
1568 1533 1572 1540 ,

215 1547 468 1618 Lacedaemonii
491 1570 567 1616 cum
584 1547 765 1618 Arcadibus
787 1547 957 1617 victoriam
980 1550 1021 1618 de
1043 1549 1194 1618 hostibus
1207 1546 1249 1615 ad
1264 1543 1427 1615 Nemeam
1440 1554 1610 1638 reportant
1667 1539 1735 1611 394

213 1636 300 1706 Item
321 1635 506 1725 Agesilaus
532 1636 668 1704 domum
695 1647 883 1716 revocatus,
914 1661 974 1730 per
995 1636 1222 1706 Macedoniarn
1250 1645 1285 1704 ct
1304 1632 1511 1702 Thessaliam
1537 1656 1609 1725 pro·

258 1723 375 1805 iectus,
397 1724 505 1795 socios
520 1723 562 1793 ad
573 1724 762 1794 Coroneum
776 1724 887 1809 vineit,
909 1727 968 1794 sed
987 1725 1059 1818 ipae
1073 1725 1264 1795 vulneratur
1277 1722 1452 1792 decutitur
1473 1721 1608 1790 motoria
1665 1715 1732 1786 394
1865 1771 1874 1807 ,

213 1810 343 1882 Eodem
365 1810 432 1881 fere
454 1822 620 1904 tempore,
641 1813 701 1881 sed
723 1812 822 1906 paulo
844 1823 930 1896 ante,
953 1813 1299 1883 Lacedaemoniorum·
1314 1810 1428 1880 classis
1451 1810 1533 1879 duce
1556 1809 1607 1877 Pi·

258 1898 378 1968 aandro
400 1900 440 1968 ad
463 1901 606 1968 Cnidum
628 1923 646 1968 a
665 1900 873 1970 Pharnabazo
895 1914 929 1970 ct
942 1902 1078 1971 Conone
1093 1898 1286 1970 Atheniensi
1307 1899 1497 1970 devincitur.
1530 1896 1610 1966 Har·
1667 1893 1734 1964 394
1866 1954 1874 1983 ‚

259 1997 386 2056 mostoe
408 1987 559 2080 Spartani
582 1988 755 2078 ejiciuntur
776 2012 818 2058 en
840 1990 974 2058 urbibus
996 1990 1157 2059 Asiaticis.
1601 2043 1605 2048 -

214 2073 399 2146 Corinthus
417 2073 614 2145 factionibus
635 2075 774 2145 lacerata
797 2077 891 2147 sedes
915 2076 992 2144 belli
1012 2078 1061 2161 fit,
1082 2077 1171 2170 quod
1186 2073 1358 2167 Agesilaus
1380 2083 1415 2142 et
1431 2071 1610 2166 Iphicrates

260 2161 469 2230 Atheniensis
491 2163 654 2231 sustinent
689 2211 1380 2233 ......................
1385 2230 1387 2233 ,
1404 2209 1625 2230 ........
1667 2155 1734 2226 393

213 2248 340 2338 Cinnas
362 2249 492 2318 Persica
515 2270 609 2318 oram
624 2248 806 2321 Laconicae
820 2254 1012 2343 populatur:
1036 2252 1153 2320 &uon
1175 2249 1291 2342 longos
1305 2270 1417 2318 muros
1432 2247 1610 2318 Athenien·
1726 2260 1734 2282 ⁸
1809 2272 1826 2284 ¹·

258 2339 346 2408 sium
368 2347 402 2405 et
424 2334 574 2404 Piraeum
596 2337 734 2429 pecunia
758 2336 888 2407 Persica
910 2339 1147 2408 restituendum
1170 2349 1263 2407 curat
1305 2386 1610 2407 ..........
1669 2331 1735 2423 393
1865 2359 1876 2422 ,·

213 2424 389 2517 Agesilaus
402 2423 590 2492 Corinthios
611 2425 741 2516 premit,
763 2426 998 2530 regionemque
1015 2426 1240 2520 depopulatur,
1263 2424 1323 2495 sed
1343 2447 1436 2495 mura
1450 2424 1610 2518 Spartana

260 2513 301 2580 ab
324 2509 506 2604 iphicrate
527 2515 705 2605 intercepta
728 2514 909 2582 concrditur
932 2515 1018 2600 (tao
1034 2516 1149 2602 milit.)
1172 2562 1610 2584 ..............
1668 2507 1735 2579 393
1865 2565 1874 2600 ,

214 2600 336 2671 Persae
358 2621 469 2669 rursus
485 2597 820 2670 Lacedaemoniorum
841 2603 939 2672 rebus
961 2603 1083 2685 favent,
1107 2603 1226 2671 Conon
1247 2603 1281 2669 in
1297 2600 1438 2671 vinculis
1456 2599 1610 2683 habetare

258 2687 478 2758 Athenienses
501 2698 614 2756 contra
635 2688 789 2804 adjuvant
810 2689 1004 2782 Euagoram,
1027 2689 1128 2786 Cypri
1149 2712 1273 2783 regem,
1295 2689 1439 2759 aPersis
1461 2688 1612 2759 delicien-

259 2785 338 2845 tem.
382 2775 606 2867 Thrasybulus
630 2800 649 2843 a
673 2776 821 2846 seleutia
845 2779 989 2847 caeditur
1011 2827 1610 2848 ....................
1668 2772 1736 2843 390

215 2863 326 2933 Pluto
349 2860 479 2956 philoso
503 2863 566 2932 hus
588 2865 790 2955 agnoscitur:
812 2866 848 2936 in
869 2866 1016 2935 Siciliam
1038 2867 1205 2961 profectus
1241 2915 1512 2936 .........
1534 2875 1545 2933 “.
1568 2917 1577 2934 .
1601 2916 1610 2935 .

213 2951 467 3042 Aristophanes
515 2951 621 3019 lutum
639 2952 793 3021 ultimam
816 2977 878 3023 auo
899 2956 1034 3023 nomine
1054 2956 1199 3025 fabulam
1221 2955 1318 3023 docet
1340 2995 1610 3024 .........
1669 2947 1736 3019 388
1820 2955 1900 3040 97,4

213 3039 412 3132 Iphicrates
435 3050 469 3109 ct
490 3039 675 3123 Chabrias,
698 3041 814 3134 optimi
837 3042 1066 3135 imperatores,
1090 3043 1341 3113 Atheniensium
1362 3066 1416 3112 res
1437 3040 1610 3128 sustinent,
1973 3045 1978 3052 '

260 3130 371 3220 itaque
393 3127 513 3197 Laced.
536 3127 726 3197 Antolcida
748 3132 788 3217 {in
811 3130 924 3198 Asiam
952 3133 1070 3216 misso,
1106 3154 1181 3199 cum
1204 3130 1481 3223 Persarum'rege
1503 3152 1541 3198 ac
1562 3153 1610 3198 sa·
1700 3145 1703 3152 '
1733 3143 1736 3146 ’

260 3217 361 3321 trapis
384 3216 506 3322 'pacem
535 3228 752 3310 componunt,
786 3240 852 3309 qua
881 3219 1078 3289 Graecarum
1104 3220 1142 3289 in
1169 3219 1249 3288 Asia
1267 3218 1448 3290 civitatum
1476 3218 1610 3287 libertas
1695 3273 1698 3280 .

259 3303 370 3374 Persas
391 3305 539 3396 prodatur
583 3354 1611 3378 ................................
1667 3300 1735 3370 388
1819 3307 1895 3393 98,1

215 3392 307 3462 Pax
329 3392 541 3461 Amulcideu
568 3392 610 3459 ab
638 3392 895 3464 Atheniensibus
923 3396 1093 3486 accipitur,
1126 3395 1246 3486 quibus
1273 3393 1439 3473 Lamnus,
1472 3393 1612 3474 lmbrus,

259 3481 382 3572 Scyrus
405 3480 532 3550 insulae
554 3478 756 3550 addicuntur.
802 3481 938 3551 Ceterae
961 3484 1110 3551 civitates
1132 3494 1166 3551 et
1188 3481 1315 3551 insulae
1337 3484 1389 3551 sui
1410 3481 1492 3573 juris
1513 3479 1598 3549 fiunt
1668 3476 1761 3546 387*
1818 3483 1898 3571 983

216 3567 374 3638 Civitates
406 3568 593 3637 Boeoticae·
606 3570 787 3637 secundum
840 3592 931 3639 ocem
964 3570 1160 3654 liberantur,
1198 3568 1353 3640 Plataeae
1385 3569 1610 3653 restituuntur,

103 3697 108 3704 ·
221 3695 227 3699 ·
259 3657 371 3748 Argivi
393 3655 549 3725 Corintho
574 3656 746 3728 excedunt.
828 3660 1036 3728 antineenses
1058 3657 1358 3750 aLacedaempniis
1378 3660 1460 3729 urhe
1481 3679 1540 3726 sua
1562 3680 1610 3726 re·
1677 3709 1687 3728 .

259 3767 338 3818 cens
360 3745 489 3814 condita
512 3746 602 3815 exire
625 3755 659 3815 et
679 3746 715 3814 in
736 3745 817 3817 vicis
839 3745 986 3818 habitare
1008 3758 1169 3838 coguntur
1338 3762 1357 3816 .'
1370 3793 1609 3817 ........
1668 3743 1734 3813 386
1818 3747 1897 3837 98,3
1948 3747 1951 3754 ’

213 3919 474 4012 Longarenus
497 3918 608 4012 Cypri,
631 3943 707 3989 cum
729 3920 840 3992 Persis
862 3922 1123 3994 classedimicat
1137 3970 1544 3993 .............
1667 3918 1733 3990 385
1817 3924 1897 4010 98,4

215 4009 416 4080 Phoebidas
438 4009 616 4077 exercitum
639 4008 975 4081 Lacedaemoniorum
1002 4013 1157 4094 adversus
1179 4008 1521 4104 Olynthnmpdncenm
1549 4009 1609 4079 Ca·

259 4098 388 4166 dmeam
412 4120 517 4165 arcem
540 4093 774 4166 Thebanorum
802 4111 939 4190 occupat
946 4147 1608 4169 .....................
1665 4094 1734 4166 382
1817 4100 1895 4189 993

215 4184 310 4255 Circa
325 4185 521 4276 'Olynthum
543 4187 659 4279 opibus
681 4185 853 4255 florentem
876 4188 1058 4293 ceterisque
1082 4191 1153 4280 ejus
1175 4186 1319 4280 regionis
1341 4185 1529 4255 civitatibus
1549 4187 1608 4254 im·
1731 4239 1736 4252 ,

259 4288 427 4368 parantem
457 4275 573 4378 acriter
598 4284 746 4367 pugnant
767 4274 1036 4362 Lacedaemonia,
1072 4275 1210 4348 ducibus
1239 4274 1406 4360 Talentis,
1439 4274 1609 4367 Agesipoli
1717 4366 1719 4369 Α

137 4414 147 4423 ’
214 4362 626 4541 zriiiiiriiriiiiby'iii‘s
649 4449 800 4520 sarrana
838 4498 1508 4524 .....................
1531 4401 1607 4519 ζ..
1665 4448 1733 4518 aso
1811 4437 1895 4540 'oon

214 4538 362 4608 Tandem
385 4537 533 4630 Olynthii
556 4541 587 4607 4.
604 4563 690 4606 anno
712 4563 749 4607 se
772 4539 896 4608 dedunt
917 4551 952 4610 et
973 4539 1242 4612 Lacedaemoniis
1263 4537 1461 4611 submittunt
1498 4587 1607 4613 0...
1666 4539 1733 4607 379
1796 4542 1893 4631 190,1

213 4625 322 4696 Etiam
345 4627 499 4696 Phliosii
521 4627 562 4695 ab
583 4626 735 4719 Agesilao
758 4628 813 4696 diu
835 4629 962 4699 obsessi
984 4631 1154 4699 deduntur.

214 4715 363 4787 Thebani
387 4716 500 4785 exules
522 4716 745 4806 conjuratione
767 4716 852 4786 lacta
875 4717 1013 4787 Athenis
1034 4717 1170 4812 profecti
1189 4716 1325 4822 patriam
1348 4725 1543 4806 recuperant
1565 4765 1574 4784 .
1597 4764 1607 4786 .
1665 4714 1732 4788 379
1795 4718 1894 4807 1093

215 4805 447 4875 Cleombrotus
467 4802 583 4872 frustra
600 4804 752 4872 adversus
774 4828 832 4873 eos
854 4827 928 4873 cum
952 4808 1095 4875 exercitu
1113 4808 1262 4888 mittatur,
1285 4803 1366 4896 quin
1388 4805 1486 4872 etiam
1502 4802 1609 4889 Spho-

259 4895 375 4973 ἀνίας,
405 4890 493 4959 Thes
518 4890 558 4959 iis
580 4891 774 4982 praefectus,
797 4894 1020 4986 imprudenter
1041 4895 1259 4966 Athenienses
1280 4893 1398 4973 irritat,
1432 4902 1471 4960 ut
1491 4891 1609 4962 foedus

257 4981 371 5053 ineant
392 5003 468 5051 cum
490 4916 655 5048 i'hebnnis
679 5029 1476 5054 .........................
1497 5028 1541 5135 4..
1565 5028 1607 5055 ·›
1664 4975 1731 5049 378
