4734 5809
732 376 1261 545 Gaios-

498 699 541 788 0.
570 694 721 769 cassius:
763 694 891 765 luteres
920 693 1190 791 Massilienses
1216 693 1389 791 'l‘rebonio
1411 693 1699 797 rebementissime
1725 703 1915 797 oppugnati,

451 816 455 825 ⁴
499 789 632 858 Caesari
653 811 692 856 se
713 785 845 866 dedunt,
868 785 924 874 qui
947 785 1176 854 urbelservsta
1194 783 1366 868 Romam,
1380 786 1498 869 absens

208 611 310 677 err.
348 629 414 677 nn

498 890 620 947 cuntur·v
634 873 972 956 renuntiatum-edit.
998 896 1005 931 .·
1018 873 1068 942 Eo
1089 872 1429 971 tamennnsgistratu,
1453 812 1709 946 reulluris‘rrut
1746 890 1800 965 us',
1831 878 1916 949 Gal·

496 961 882 1058 sequeus-ampsuariis
905 961 1049 1031 civitate
1070 960 1221 1040 donatis,
1243 972 1278 1029 et
1299 962 1440 1031 comitiis
1462 962 1594 1044 habitis,
1615 988 1652 1033 re
1674 968 1812 1041 abdicat.

604 1054 730 1122 Interea
754 1050 793 1119 C.
815 1050 926 1119 Curio.
949 1073 968 1116 a
992 1050 1131 1118 Caesare
1155 1049 1290 1131 missus,
1318 1048 1467 1117 Siciliam
1489 1053 1524 1118 in
1547 1063 1665 1145 potest
1694 1055 1829 1147 redigit,
1856 1054 1916 1126 sed

395 1190 405 1203 .
497 1144 533 1210 iu
556 1141 700 1211 Africam
721 1149 951 1229 transgressus,
976 1161 1050 1206 eum
1074 1136 1261 1207 exercitus
1284 1136 1369 1205 Juba
1393 1162 1468 1228 rege
1490 1138 1622 1208 Numid.
1646 1143 1800 1213 caeditur.

172 1332 175 1339 Ι
242 1226 289 1297 48
347 1228 413 1300 706
455 1232 549 1301 Coss.
574 1232 612 1299 0.
634 1228 749 1299 lulius
772 1228 906 1295 Caesar
920 1225 973 1308 II,
997 1227 1040 1294 P.
1063 1226 1229 1295 Seruilius
1250 1223 1364 1294 Vatia
1380 1224 1592 1314 Isauricus.)
1618 1224 1765 1299 Caesar
1781 1233 1916 1302 ineunte

497 1319 629 1387 lanuar.
652 1341 727 1387 eum
749 1318 770 1383 7
793 1315 977 1405 legionibus
1000 1314 1096 1400 (cire.
1128 1316 1236 1383 16000
1259 1313 1377 1398 milit.)
1399 1314 1575 1409 Brundisio
1603 1313 1637 1382 in
1662 1319 1832 1388 Graeciam
1854 1331 1916 1389 tra·

361 1405 398 1462 5⁹
498 1406 746 1500 jicit‚·0rieum
767 1403 1043 1507 Apolloniamquo
1070 1405 1209 1496 occupat
1235 1412 1270 1471 et
1297 1413 1401 1506 castre
1432 1404 1526 1494 ponit
1557 1404 1597 1470 ad
1626 1404 1749 1474 llumen
1777 1408 1914 1498 Apsum,

379 1493 417 1534 ⁸²
498 1509 588 1564 trans
607 1506 708 1586 quern
730 1515 805 1560 cunr
828 1491 1085 1582 illegg.'crvinm
1101 1491 1201 1563 Rom.
1224 1500 1259 1559 et
1272 1510 1400 1593 magnis
1418 1492 1656 1582 provinciarum
1679 1494 1809 1563 auxiliis
1819 1495 1915 1563 Pom·

338 1596 340 1605 '
497 1584 593 1677 pejus
615 1581 771 1652 consedit
817 1579 907 1646 Cum
925 1580 1077 1658 Caesare,
1097 1579 1296 1647 transmisso
1318 1602 1394 1646 cum
1417 1582 1438 1647 4
1458 1580 1662 1670 leggcmari,
1684 1580 1729 1649 M.
1752 1582 1915 1653 Antonius

348 1634 400 1767 (hh
497 1672 714 1767 conjungitur.
759 1666 945 1735 ludecires
970 1668 1186 1758 Dyrrachium
1208 1677 1312 1737 castro
1335 1668 1449 1735 eastris
1477 1680 1662 1760 opponunt,
1695 1669 1915 1776 operibusque

401 1751 409 1768 ⁰
496 1761 608 1837 omnis
629 1759 757 1849 gereris
785 1756 943 1823 iaciendis
965 1756 1046 1824 alter
1068 1756 1205 1825 alterurn
1227 1755 1358 1824 vincere
1379 1755 1521 1825 student.
1566 1756 1714 1824 'landem
1737 1758 1914 1851 Pompepus

497 1849 654 2004 iuwsiffl·
669 1846 777 1999 iactulq
796 1846 938 1998 epqrppit
960 1856 993 1913 et
1020 1845 1054 1911 in
1072 1843 1551 2000 'sl'hesqaliqqruxprqtticiqciqprb
1572 1846 1750 2000 pppumptqs
1775 1872 1816 2001 up
1839 1849 1914 1915 dur·

498 1961 566 2093 thir
588 1958 733 2108 ehhffiit
754 1956 870 2110 (ilrjnh
892 1955 1060 2089 hh’erhilhss
1083 1956 1194 2089 beigllb
1208 1956 1418 2097 astenelum
1443 1956 1570 2110 llomp.a
1586 1957 1708 2088 4507)οὶ
1725 1959 1914 2107 arrmishg,
1944 2110 1946 2115 ι

498 2112 557 2183 sed
580 2109 742 2201 eqdhibus
765 2109 902 2197 turpiter
923 2108 958 2173 iu
985 2106 1096 2198 lugam
1125 2107 1281 2196 conjectis
1308 2107 1458 2175 vincitur.
1502 2107 1705 2199 Expugnatis
1734 2110 1832 2179 etiam
1863 2133 1914 2179 ca·

497 2198 588 2279 stris,
617 2197 764 2288 protinas
786 2192 968 2274 Larissam,
992 2195 1070 2265 iude
1092 2194 1334 2291 Amphipolim,
1359 2205 1437 2286 post
1456 2192 1630 2287 lllytilenas
1653 2197 1750 2286 lugit,
1780 2199 1913 2268 relictus

481 2286 661 2356 ¹exereitus
681 2282 891 2374 persequenti
914 2282 1046 2352 Caesari
1074 2284 1219 2364 deditur,
1252 2282 1371 2350 dueum
1399 2282 1547 2374 plerique
1575 2283 1712 2354 dirersis
1741 2285 1913 2356 itineribus
2002 2326 2006 2333 ·

496 2375 616 2445 tutiora
643 2381 776 2461 petunt,
814 2369 869 2436 alii
896 2394 972 2438 curn
1000 2370 1104 2439 classe
1133 2372 1167 2438 in
1197 2370 1341 2438 Africam
1366 2370 1541 2459 trajiciunt.
1587 2371 1662 2464 lpse
1689 2370 1806 2466 Pomp.
1837 2398 1925 2444 cums

496 2461 614 2531 Rhodo
632 2459 725 2551 Syria
774 2483 792 2527 e
812 2458 1048 2551 prohiberetur,
1070 2460 1256 2551 Aegyptum
1278 2458 1371 2551 petit,
1394 2458 1506 2549 ibique
1529 2482 1547 2525 a
1569 2460 1667 2551 regiis
1687 2461 1846 2533 ministris
1865 2463 1914 2531 in·

492 2549 656 2619 terlicitur
674 2547 723 2639 pri
748 2548 778 2617 ie
800 2546 942 2615 natalem
965 2547 1079 2639 ipsius,
1102 2551 1145 2614 58
1168 2570 1273 2613 annos
1294 2554 1401 2613 natus.
1800 2576 1804 2582 ·

603 2636 738 2704 Interim
773 2635 899 2702 Romae
926 2633 1061 2702 Praetor
1093 2634 1139 2701 M.
1168 2634 1301 2702 Caelius
1316 2654 1435 2725 ‚remp
1464 2634 1599 2702 turbans
1633 2657 1651 2702 a
1680 2633 1718 2704 C.
1747 2634 1913 2706 'lrebonio

497 2724 604 2795 Praet
625 2724 706 2792 urbe
729 2721 913 2813 expellitur,
936 2734 1067 2791 etcum
1089 2722 1129 2788 Τ.
1152 2716 1277 2789 Milone
1300 2720 1396 2790 exule
1418 2720 1544 2789 bellum
1566 2721 1713 2804 molitus,
1737 2726 1836 2801 armis
1858 2749 1924 2819 op·
1954 2752 1967 2768 ·

495 2812 657 2908 primitur.
690 2810 822 2877 Caesari
846 2810 972 2878 absenti
989 2810 1134 2877 inusitati
1150 2808 1291 2878 bonores
1309 2809 1546 2896 excogitantur,
1563 2810 1753 2880 consulatus
1772 2812 1806 2879 in
1823 2814 1914 2906 quia-

366 2956 383 2965 „
471 2899 688 2995 ..qaenaium
710 2897 882 2965 tribunicia
903 2909 1048 2989 potestas
1070 2897 1106 2965 in
1120 2908 1337 2988 perpetuum,
1360 2896 1516 2963 dictatum
1539 2900 1573 2963 in
1594 2922 1716 2967 annum
1738 2900 1911 3005 integrum.

94 3046 97 3057 ,
209 2990 284 3061 -47
344 2982 409 3051 707
452 2991 490 3061 C.
512 2989 627 3058 Juliru
642 2988 794 3064 Caeam,
818 2986 915 3053 Dict.
937 2986 1021 3073 reip.
1041 2985 1193 3060 constit,
1215 2985 1264 3052 M.
1287 2984 1469 3066 Antonius,
1497 2984 1597 3075 Mag·
1620 2986 1706 3075 Eup,
1734 3011 1790 3078 qur
1813 2989 1914 3072 idem,

495 3077 606 3169 quoad
627 3075 749 3141 Caesar
778 3071 922 3155 abesset,
949 3071 1040 3140 urbis
1063 3083 1096 3140 et
1118 3071 1230 3139 ltaliae
1261 3094 1372 3139 earam
1401 3076 1561 3158 gereret.)
1604 3072 1825 3143 Caesareum
1844 3076 1915 3145 exi·

463 3216 465 3221 s
495 3168 568 3259 guis
590 3163 694 3255 copiis
709 3160 939 3227 Alexandriam
962 3159 1104 3228 terrestri
1127 3161 1242 3227 itinere
1264 3160 1365 3241 venit,
1386 3159 1498 3251 ibique
1521 3160 1601 3228 dum
1622 3164 1849 3233 contentiones
1869 3164 1915 3235 de

496 3275 598 3340 regno
620 3271 818 3337 componere
840 3248 927 3330 vult,
955 3248 990 3314 in
1013 3249 1157 3314 maximo
1175 3246 1326 3352 periculo
1348 3259 1494 3316 versatur
1515 3259 1721 3340 oppugnatus
1744 3252 1785 3318 ab
1808 3252 1915 3345 Aegy·

362 3396 369 3407 .
496 3341 589 3435 ptiis:
613 3336 742 3406 auxiliis
763 3336 908 3427 undique
930 3336 1091 3405 arcessitis
1114 3335 1284 3404 obsidione
1307 3334 1477 3409 liberatur.
1506 3345 1540 3405 et
1562 3360 1696 3427 regnum
1715 3337 1914 3432 cleopatrae

496 3428 646 3499 restituit.
691 3421 773 3491 lade
795 3423 866 3490 edu.
890 3422 1091 3491 Pharnacem
1113 3447 1241 3514 regern,
1269 3422 1414 3492 Mithrid.
1435 3423 1557 3505 filium,
1586 3427 1647 3518 qui
1670 3425 1817 3495 Domitio
1841 3428 1915 3496 Cal·

496 3519 573 3587 rino
597 3515 702 3604 legato
726 3509 875 3580 Caesaris
896 3512 983 3579 victo
1008 3506 1147 3580 Pontum
1171 3521 1348 3617 receperat,
1370 3511 1605 3603 proficiscitur,
1635 3538 1777 3611 eumque
1800 3515 1841 3582 ad
1863 3541 1915 3584 ur.

355 3648 363 3663 .
496 3605 573 3673 bem
594 3602 709 3671 Zelam
731 3599 919 3667 felicissirne
940 3600 1050 3669 vincit.
1094 3598 1231 3668 Preliolo-
1246 3600 1293 3667 rbi
1307 3598 1468 3683 Domitio,
1492 3601 1549 3704 qui
1572 3624 1681 3706 regern
1705 3600 1784 3694 pers
1825 3629 1914 3673 uere·

496 3704 559 3771 tur,
583 3691 681 3759 Asiae
703 3709 756 3755 res
778 3688 947 3778 componit
967 3688 1176 3778 praemiaque
1200 3689 1283 3756 bone
1306 3686 1348 3755 de
1370 3711 1408 3756 se
1436 3689 1578 3767 mentis,
1605 3690 1767 3781 imprimis
1782 3627 1915 3762 blitiri·

496 3781 563 3850 dati
584 3779 798 3868 Pergameno,
820 3778 885 3843 dat.
929 3776 1136 3865 Dejotrrrum
1160 3799 1260 3865 regno
1283 3774 1457 3844 Armeniae
1479 3777 1615 3846 minoris
1638 3778 1764 3847 multat.

601 3867 729 3934 Interes
764 3866 799 3932 in
828 3863 919 3956 Hisp.
954 3864 995 3949 Q.
1025 3863 1130 3931 Cassii
1158 3863 1299 3953 Longini
1335 3864 1467 3931 auaritia
1542 3866 1702 3933 ovinciam
1735 3867 1913 3959 perturbat,

496 3978 596 4049 quom
617 3977 661 4022 ne
682 3952 867 4020 Trebonius
889 3952 1021 4042 quidem
1043 3953 1163 4019 missus
1186 3974 1302 4043 pacare
1323 3962 1444 4043 potest
1489 3890 1597 4021 prum
1619 3952 1745 4022 Romae
1768 3956 1820 4024 r'es
1842 3980 1913 4048 per·

496 4045 645 4114 turbatae
665 4051 743 4109 sunt
763 4050 839 4108 ante
863 4037 1011 4107 Caesaris
1038 4041 1195 4121 reditum,
1222 4039 1301 4107 dum
1325 4040 1487 4108 Antonius
1522 4041 1687 4108 luxuriose
1711 4052 1745 4110 et
1765 4066 1913 4148 arrogen-

494 4143 546 4202 ter
569 4131 644 4219 agit,
667 4129 705 4196 P.
728 4127 911 4209 Dolabella,
931 4117 1025 4195 ’trib
1049 4128 1105 4219 pt,
1129 4127 1298 4196 Ciceronis
1319 4150 1438 4218 gener,
1468 4129 1562 4197 nevis
1576 4127 1704 4218 ‚ruatis
1726 4133 1915 4224 propositis,

496 4220 595 4290 armis
617 4216 816 4287 coercendus
838 4225 898 4283 est.

604 4305 725 4374 Caesar
746 4304 886 4397 Romsm
907 4324 1056 4372 reversus
1079 4304 1235 4396 pecunias
1256 4302 1403 4394 undique
1421 4302 1565 4393 colligit,
1583 4303 1705 4396 partim
1725 4329 1745 4373 a
1767 4306 1913 4411 privatis,

495 4395 614 4490 partim
635 4391 815 4461 vendendis
838 4391 1094 4460 adversariorum
1117 4393 1223 4459 bonis:
1258 4403 1411 4460 senatum
1439 4392 1610 4461 ambitiose
1640 4392 1736 4482 legit:
1774 4418 1808 4462 ra
1832 4395 1914 4463 stiri-

496 4508 568 4551 cam
591 4482 794 4575 prolecturus
817 4477 943 4547 fortiter
963 4479 1164 4557 seditionem,
1183 4478 1330 4548 decimae
1352 4479 1491 4570 legionis
1508 4481 1701 4573 comprimit
1739 4482 1784 4635 J.
1800 4482 1914 4552 Fulius
1936 4560 1944 4569 ,

497 4572 653 4653 Calenus,
673 4569 712 4638 Ρ.
724 4568 876 4635 Vatinius
898 4567 992 4635 Coss.
1011 4579 1159 4636 extremo
1181 4567 1449 4660 annoinpaucos
1471 4568 1542 4637 dies
1563 4568 1651 4650 lecti,
1673 4592 1739 4661 quo
1784 4571 1935 4640 initium'

496 4660 612 4728 fituon
631 4656 776 4748 legitimi
791 4656 951 4747 temporis
965 4656 1210 4733 consuluimus,
1234 4656 1348 4746 quales
1366 4657 1428 4725 sub
1445 4654 1696 4750 Imperatoribus
1711 4680 1784 4726 esse
1795 4658 1913 4729 solent
1998 4738 2004 4743 ¹

243 4755 288 4825 db
345 4748 415 4819 708
454 4746 547 4816 Coss.
573 4747 609 4813 C.
631 4745 746 4812 ,lrrliris
769 4744 903 4812 Cursor
918 4741 1002 4823 III,
1028 4744 1079 4812 M.
1100 4743 1265 4811 Aemilius
1280 4743 1447 4832 Lepidus,
1476 4757 1511 4814 et
1530 4745 1647 4814 eodem
1671 4767 1757 4812 suno
1782 4745 1823 4835 Q.
1845 4746 1913 4815 Fu-

499 4834 573 4902 lius
596 4833 776 4901 Maximus
798 4834 968 4936 (comque
996 4834 1026 4901 is
1055 4833 1090 4899 in
1115 4836 1259 4922 magistr.
1287 4843 1436 4902 mortuns
1458 4843 1561 4915 esset,
1590 4832 1664 4902 suff.
1687 4832 1724 4900 C.
1750 4834 1915 4905 Caninius

499 4920 681 5009 Rebilus),
704 4921 743 4989 C.
770 4918 993 5011 turtum)
1037 4921 1077 4990 Δ.
1094 4918 1126 4991 d.
1144 4941 1177 4990 rr
1198 4919 1270 4993 Col.
1294 4919 1368 4989 an.
1392 4922 1487 5079 (qui1
1490 4921 1568 5078 qlies
1597 4919 1665 4991 hoc
1683 4943 1776 4992 anuo
1796 4925 1915 5017 corpse-

1543 810 1578 856 sr
1595 788 1643 857 lll.
1666 789 1714 858 Le
1739 793 1828 860 ’ἁυω
1850 794 1917 861 Di·
2023 850 2027 862 .
2130 834 2134 841 ·
