4734 5809
429 737 619 812 Pleniorem
640 725 806 828 quandam
826 728 998 801 historiam
1019 729 1205 801 describere
1225 752 1295 801 non
1315 755 1504 826 possumus,
1526 730 1592 804 uisi
1607 725 1832 826 Syracusanae

358 847 362 852 “
475 825 631 908 civitatis,
654 823 772 894 ceteris
793 821 892 911 longe
913 820 1107 915 potentioris
1129 830 1164 890 et
1184 831 1359 914 propterea
1386 821 1583 916 scriptarum
1606 825 1831 895 monumentis

430 914 743 1092 Gelblellblearlhibm
764 1008 934 1091 tyrannus,
955 993 1100 1065 reductis
1123 994 1362 1089 Optimatibns,
1382 967 1483 1092 qnia
1503 997 1603 1093 plebe
1625 997 1831 1092 Syractrsana

477 1091 608 1196 expulsi
629 1091 768 1194 inerant,
784 1109 907 1200 'eornm
929 1108 1029 1178 opera
1050 1083 1223 1177 Syracusis
1245 1088 1380 1180 potitur,
1403 1088 1520 1157 urbem
1543 1088 1659 1157 Gelam
1680 1089 1832 1159 ITreronr'

430 1178 1534 1369 atstattas.nmonsarnpstaaaa
1556 1221 1831 1358 maleam
1888 1172 1955 1244 ⁴³⁵

432 1357 561 1430 Eodem
583 1355 648 1459 die,
670 1375 737 1445 quo
760 1351 876 1422 Graeci
899 1352 940 1418 ad
961 1350 1162 1420 Salaminem
1182 1361 1337 1430 uncant,
1366 1353 1450 1422 Gelo
1473 1364 1507 1422 et
1527 1354 1657 1439 Thero,
1686 1356 1757 1422 e‘us
1780 1376 1832 1422 so·

477 1466 545 1526 cer,
635 1470 642 1508 ι
667 1440 852 1509 entinsrum
874 1450 1048 1531 tyrannus,
1076 1437 1238 1530 ll’erillum
1266 1439 1399 1510 exulem
1417 1441 1631 1511 Himeraeum
1654 1452 1688 1510 ct
1741 1443 1832 1510 amil-

477 1554 599 1610 carem,
655 1528 793 1598 annonis
814 1530 839 1602 f.
860 1527 1164 1620 Carthaginiensem
1186 1551 1263 1597 cum
1284 1529 1441 1599 trecentis
1462 1530 1532 1599 mil.
1555 1529 1768 1599 harbarorum
1790 1531 1832 1598 ad

325 1659 332 1664 -
411 1617 414 1624 ’
476 1619 646 1690 Himeram
667 1625 825 1711 superant
840 1661 1045 1689 .......
1049 1660 1053 1668 ·
1068 1660 1831 1690 ........................
1889 1610 1957 1680 480

335 1759 345 1776 .
433 1708 560 1779 Aetnae
584 1708 706 1775 montis
728 1706 916 1811 eruptiones
937 1702 1099 1797 incipiunt
1131 1749 1706 1775 ..................
1712 1753 1734 1773 ,.
1756 1755 1766 1775 .
1790 1752 1832 1773 ..
1888 1700 1956 1768 479

270 1801 274 1828 ¹
395 1797 547 1890 ¹Hiero
569 1805 645 1889 post
665 1795 772 1862 iratrrs
793 1805 933 1863 mortem
955 1804 1070 1884 regnat
1093 1793 1135 1862 10
1150 1816 1266 1877 annos,
1288 1805 1458 1888 poetarum
1473 1793 1623 1863 laudibus
1638 1792 1831 1879 celebratus,
1889 1788 1956 1856 478

480 1884 575 1955 Naxo
597 1895 632 1954 et
652 1881 783 1950 Catana
798 1881 956 1974 subjectis
977 1885 1136 1973 majorem
1157 1883 1338 1974 potentiam
1362 1894 1541 1952 assecutus.

435 1971 547 2044 Thero
568 1970 799 2064 Agrigentinus
821 1971 958 2038 moritur
979 1979 1012 2037 et
1034 1969 1208 2039 collabitur
1230 1972 1301 2062 ejus
1324 1971 1501 2064 imperium
1525 2021 1534 2039 .
1557 2021 1566 2039 .
1591 2020 1600 2039 .
1624 2020 1633 2040 .
1657 2007 1666 2039 a
1690 2020 1833 2040 .....
1839 1991 1843 2002 ’
1890 1961 1958 2033 473

435 2060 582 2134 Hierone
609 2069 759 2141 mortuo,
797 2056 1047 2148 Thrasybulus,
1077 2061 1148 2150 ejus
1178 2058 1292 2140 frater,
1332 2080 1408 2127 curn
1441 2058 1615 2127 cmdeliter
1631 2061 1832 2151 imperaret,

482 2153 536 2220 11.
550 2170 664 2216 mense
681 2146 824 2238 ejiciturr
845 2144 989 2215 saevitur
1001 2146 1038 2213 in
1054 2147 1176 2237 regiam
1191 2147 1337 2228 domum,
1353 2147 1521 2240 popularis
1536 2158 1639 2215 status
1653 2147 1835 2216 restituitur
1891 2134 1955 2208 467

435 2235 544 2312 Siculi
563 2236 747 2327 conjunctis
770 2233 884 2327 copiis,
906 2233 1050 2302 Duratio
1072 2234 1267 2325 imperante,
1290 2233 1414 2303 bellum
1437 2236 1508 2304 adv.
1524 2235 1664 2304 Graecas
1686 2235 1834 2304 civitates

481 2325 676 2407 moventA
716 2325 862 2412 igentum
884 2332 1085 2477 oppugnant,
1108 2323 1167 2389 sed
1190 2345 1209 2388 a
1231 2322 1447 2413 Syracusanis
1469 2322 1668 2392 vincuntur.
1692 2372 1702 2391 .
1725 2372 1735 2390 .
1759 2330 1768 2391 ξ
1791 2372 1834 2391 ..
1891 2312 1956 2384 454

436 2412 646 2492 Leontinis
693 2408 882 2502 yracusauis

928 2408 993 2477 ello
1015 2409 1122 2506 petiti,
1147 2408 1312 2500 Gorgiam
1327 2408 1472 2478 Athenas
1494 2411 1629 2480 mittunt
1650 2410 1765 2479 auxilii
1788 2434 1835 2480 ar·

482 2498 632 2572 cessendi
654 2521 752 2569 causa
774 2546 1835 2568 .................................
1891 2488 1956 2559 497

286 2677 292 2688 ἱ
423 2590 508 2662 Sed
528 2588 762 2669 Athenienses,
784 2608 861 2655 cnm
882 2580 981 2654 rebus
1002 2608 1157 2678 prospere
1178 2566 1506 2677 gestis'snspicioues
1535 2586 1704 2657 civitatum
1725 2610 1836 2657 mave·
1941 2601 1945 2608 ’

482 2688 569 2762 rent,
590 2676 763 2745 concordia
786 2675 934 2746 restituta
955 2698 1015 2830 per
1037 2673 1564 2766 HermocratemSyracnsanum,
1594 2675 1835 2744 dimittantur·
1891 2664 1960 2737 4⁸24

439 2768 567 2839 Rursus
588 2765 761 2855 Segestani
784 2774 897 2836 contra
918 2762 964 2830 Se
978 2761 1123 2832 inuntios
1150 2786 1331 2855 eorumque
1357 2764 1467 2833 socios
1488 2764 1712 2857 Syracusanos
1734 2762 1835 2835 Athe·

1873 647 1977 712 acu.
2016 648 2127 735 olymp.

2032 1178 2110 1264 aas
2157 1134 2161 1140 ’

2031 1618 2109 1701 75,1

2032 1706 2112 1788 aaa
2232 1689 2244 1730 ²
2351 1741 2355 1750 ·

2032 1794 2111 1882 75,3

2033 1969 2110 2055 77,1

2033 2147 2113 2232 789

2034 2497 2113 2580 883

2035 2674 2113 2757 sat
2199 2723 2205 2732 -

407 2875 414 2888 ·
482 2853 650 2925 niensium
671 2849 830 2922 auxilium
852 2851 1006 2921 invocant
1039 2899 1836 2922 .........................
1892 2842 1959 2913 415
2079 2902 2090 2936 ,

401 3007 405 3014 .
440 2943 676 3023 Athenienses,
699 2941 833 3008 cumin
855 2960 896 3008 en
918 2939 1040 3009 luerint
1060 2949 1099 3007 nt
1119 2939 1299 3032 Syracusas
1326 2951 1498 3032 caperent,
1515 2941 1624 3010 'tertio
1646 2939 1725 3007 belli
1748 2961 1835 3007 anno

346 3063 352 3070 ·
399 3045 404 3058 '
484 3032 715 3100 devincunturr
742 3039 832 3097 totas
854 3051 969 3098 aarum
990 3027 1154 3098 exercitus
1181 3053 1201 3097 a
1227 3029 1442 3136 Syracusanis
1468 3040 1527 3098 aut
1552 3028 1752 3114 conciditur,
1780 3038 1838 3097 aut

484 3119 1837 3212 capitur
1894 3108 1960 3177 413
2080 3164 2092 3199 ,

440 3208 578 3280 Diocles
601 3204 813 3298 Syracusanis
835 3204 1049 3296 novas'legcs
1071 3203 1200 3289 scribit,
1223 3206 1342 3298 quibus
1363 3206 1484 3298 populi
1545 3216 1647 3275 testas
1670 3216 1837 3297 angetur.
1895 3197 1961 3266 413

440 3297 684 3375 Hermocrates,
707 3293 923 3388 Optimatium
952 3293 1076 3375 fautor,
1110 3304 1182 3362 tum
1209 3294 1245 3362 in
1267 3294 1345 3362 Asia
1374 3317 1450 3362 cum
1480 3316 1585 3363 casse
1606 3292 1759 3384 Syracus.
1783 3295 1838 3361 ab

485 3408 573 3462 sens,
596 3384 631 3450 in
654 3381 754 3450 exilio
778 3405 850 3450 esse
871 3382 1019 3472 jubetur,
1043 3391 1077 3450 et
1097 3381 1177 3448 dum
1199 3382 1298 3450 armis
1320 3383 1462 3451 reditum
1482 3392 1591 3475 parat,
1614 3381 1838 3451 interficitur.
1895 3372 1962 3444 408

442 3472 729 3561 Carthaginienses
756 3470 881 3538 interea
904 3468 1103 3559 Segestanos
1130 3470 1272 3560 adjuturi
1294 3493 1370 3538 cum
1391 3472 1516 3561 ingenti
1539 3470 1696 3552 exercitu,
1717 3467 1839 3537 Hanni·

487 3560 560 3628 bale
584 3561 677 3641 duce,
699 3560 736 3625 in
757 3551 906 3625 Siciliam
928 3560 1163 3640 transmittunt,
1187 3582 1226 3626 ac
1241 3558 1449 3627 Selinuntem
1472 3570 1507 3627 et
1521 3559 1690 3627 Himeram
1706 3560 1840 3629 diruunt
1895 3550 1962 3621 409

440 3647 548 3721 iidem
569 3670 654 3720 nova
677 3646 886 3737 expeditione
909 3646 943 3713 in
966 3646 1111 3714 Siciliam
1133 3647 1234 3714 missa
1257 3647 1498 3737 Agrigentinus,
1522 3670 1722 3740 quamquam
1745 3646 1839 3738 aSy·

487 3734 652 3805 racusanis
675 3734 813 3822 adjutos,
833 3736 948 3803 urbem
970 3758 1063 3802 suam
1085 3735 1270 3825 relinquere
1293 3746 1414 3826 cogunt
1435 3784 1838 3804 .............
1895 3726 1962 3797 406

442 3827 490 3897 Ea
513 3823 756 3918 opportunitate
778 3822 895 3890 callide
918 3846 997 3891 usus
1019 3822 1226 3914 Dionysius,
1254 3823 1334 3891 dum
1361 3833 1489 3892 ceteros
1518 3824 1618 3892 duces
1639 3823 1838 3906 criminatur,

418 3965 423 3970 .
487 3912 659 4005 Syracusis
680 3934 793 3979 rernm
810 3912 944 4002 potitor·
976 3960 1346 3981 ............
1358 3997 1361 4002 θ
1371 3959 1839 3981 ...............
1896 3904 1963 3975 406

442 4004 566 4081 Pacem
592 4001 638 4068 ita
670 3999 747 4067 lacit
773 4023 848 4067 cum
872 3997 1211 4090 Carthaginiensibus,
1249 4010 1287 4069 ut
1309 3999 1477 4067 Himeram
1507 4010 1542 4070 et
1562 3999 1778 4091 Agrigentum
1806 4011 1842 4071 et

486 4089 646 4184 quidquid
667 4088 870 4157 occidentem
892 4111 1005 4157 versus
1029 4100 1089 4170 est,
1112 4098 1255 4171 teneant,
1278 4088 1350 4194 ipse
1372 4087 1543 4177 Syracusis
1565 4101 1683 4181 regnet
1698 4139 1840 4158 .....
1897 4082 1964 4152 405

443 4179 576 4248 Civium
598 4199 731 4244 snorum
754 4174 971 4246 deiecb'onem
994 4188 1144 4246 metuens
1167 4200 1255 4243 arma
1279 4177 1319 4245 irs
1343 4176 1473 4260 adimit,
1497 4190 1531 4245 et
1552 4179 1761 4247 mercenariis
1783 4177 1841 4244 mi·

489 4266 601 4335 litibus
622 4266 737 4332 utitur:
760 4265 938 4355 Syracusas
961 4266 1085 4334 civibus
1108 4277 1215 4358 auget,
1239 4266 1319 4333 dum
1340 4264 1465 4334 incolas
1486 4265 1645 4336 victamm
1660 4266 1841 4335 civitatium

405 4435 412 4442 ,
489 4379 530 4425 eo
553 4354 766 4443 commigrare
790 4354 886 4442 cogit.

444 4442 573 4536 ingenti
596 4452 752 4534 apparata
774 4440 897 4510 bellum
920 4452 1031 4509 contra
1055 4439 1206 4530 Carthag.
1228 4453 1356 4512 movet.
1389 4442 1448 4510 sed
1477 4464 1554 4512 cnm
1582 4440 1676 4509 initio
1704 4438 1844 4510 feliciter
1899 4435 1965 4505 397

491 4555 563 4602 rem
582 4533 748 4688 gessisset,
772 4553 851 4598 mox
873 4529 1050 4620 Syracusas
1073 4530 1289 4621 compellitur.
1336 4528 1423 4598 Urba
1445 4540 1660 4622 oppugnatur,
1684 4541 1844 4597 verumta-

488 4644 567 4688 men

445 4705 599 4796 Rhegini,
621 4731 694 4775 com
719 4707 807 4793 luces
830 4729 934 4774 annos
957 4706 1045 4774 bello
1068 4706 1182 4798 petiti,
1208 4705 1341 4775 tandem
1363 4707 1480 4775 urbem
1503 4705 1666 4794 Dionysio
1689 4705 1844 4774 dedunt.
1901 4705 1966 4774 387

322 4803 343 4830 ‘⁴
379 4855 386 4866 ,
446 4731 822 4899 Dionysiusalvlbgone,
836 4792 946 4874 Carth.
964 4793 1181 4877 duce,denno
1197 4796 1314 4877 victus,
1334 4817 1538 4887 pacenrcum
1556 4792 1751 4863 detrimento
1768 4794 1847 4862 iacit
1901 4794 1968 4862 383

446 4880 577 4952 blattam
600 4879 764 4974 Dionysio
783 4885 910 4971 majore
931 4892 1106 4973 postquam
1128 4882 1172 4949 38
1195 4905 1298 4958 annos
1326 4883 1490 4974 regnavit,
1512 4881 1703 4971 Dionysius
1723 4884 1845 4963 minor,

2036 3382 2113 3465 93,1

2038 3559 2118 3644 sat

2037 3736 2117 3821 93,3

2041 3913 2119 3999 93,3
2198 3971 2202 3980 ,

2042 4443 2122 4530 95,4

614 4619 695 4690 artb-
718 4620 879 4687 exercitus
902 4620 937 4684 in
960 4618 1171 4686 diuturnitate
1195 4617 1375 4687 obsidionis
1397 4624 1513 4688 morbo
1536 4617 1701 4724 pestilenti
1718 4617 1845 4686 deletur
1901 4611 1969 4685 399
2043 4619 2119 4700 97,4

2043 4706 2122 4786 989

2042 4793 2122 4880 993
2161 4865 2166 4878 ‚

491 4975 563 5063 ejus
585 4970 642 5054 fit,
664 4995 723 5039 rex
741 4971 783 5042 fit
803 4969 1080 5061 Syracusanorum
1103 4968 1241 5057 (Febr.)
1275 5019 1418 5040 .....
1426 5069 1432 5078 ⁴
1441 5017 1845 5041 .............
1902 4970 1967 5040 367
2024 4971 2120 5056 193,1
