4734 5809
1139 427 1501 579 -so-ss·

1957 638 2056 700 sete.
2090 657 2154 700 ue.

465 717 582 814 Raptis
602 716 721 811 puellis
743 716 828 787 bella
849 707 963 788 contra
986 717 1156 788 Romanos
1178 743 1197 787 s
1218 719 1336 792 vicinis
1357 721 1509 813 gentibus
1531 733 1719 805 moventur,
1754 724 1814 795 sed
1837 725 1917 795 Cae·

509 806 716 892 niuensibos,
745 806 964 876 Crustuminis
987 819 1021 876 et
1045 809 1295 880 Antemnatibus
1317 811 1430 894 victis,
1463 810 1587 880 Sabini
1615 836 1746 906 quoque
1768 838 1828 908 per
1850 840 1916 884 ms-

511 906 621 963 trouas
645 918 721 962 cum
742 894 900 963 Romanis
922 896 1183 964 reconciliantur.
1998 978 2000 982 ¹
2110 979 2114 985 ⁶

465 982 546 1077 Ejus
570 982 675 1074 gentis
704 1007 778 1075 pars
800 1007 875 1053 cum
903 1008 979 1073 rege
1001 983 1098 1051 'Potio
1122 984 1261 1053 Romam
1290 987 1497 1078 commigrat,
1527 985 1689 1078 sedesque
1719 988 1752 1056 iu
1777 989 1914 1077 Cupito·

509 1071 580 1138 lino
608 1082 641 1140 et
666 1070 840 1158 Quirinali
870 1073 1036 1139 mantibus
1063 1074 1170 1166 ponit:
1208 1085 1397 1144 senatorum
1426 1075 1657 1168 (gentiumque
1676 1078 1915 1170 patriciorum)

509 1182 666 1227 numerus
689 1158 791 1226 altero
813 1169 905 1227 tanto
928 1170 1073 1252 nugetur.
1224 1233 1227 1236 ,
1543 1237 1547 1244 ,

464 1245 563 1317 Tatio
586 1271 604 1313 a
628 1238 835 1315 Laurentinis¹
858 1243 976 1330 occiso,
1001 1247 1179 1329 Romulus,
1203 1247 1322 1317 iterum
1343 1248 1434 1320 solus
1455 1275 1526 1333 rex,
1548 1249 1634 1320 bella
1657 1253 1742 1343 gerit
1762 1274 1838 1322 com
1861 1251 1915 1323 Fi·

509 1334 683 1403 deustibns
706 1345 739 1403 et
762 1334 965 1426 Vejentibus,
988 1335 1134 1404 Etruscis
1157 1337 1301 1429 populis.
1491 1390 1496 1399 .
1712 1343 1715 1348 ’

466 1424 548 1492 Tres
572 1422 684 1515 papirii
708 1419 821 1504 tribus,
844 1434 909 1493 tres
933 1425 1079 1515 equitum
1102 1428 1265 1493 centurias
1286 1425 1448 1507 (Ramnes
1469 1450 1495 1494 s.
1519 1425 1741 1510 Ramnenses,
1763 1427 1868 1498 Tities
1888 1451 1915 1500 s.

417 1523 420 1536 '
505 1511 682 1591 Titienses,
707 1509 848 1579 Luceres
869 1536 897 1580 s.
920 1510 1135 1597 Lucerenses)
1158 1513 1308 1593 instituit,
1331 1516 1460 1604 triginta
1484 1515 1601 1582 esurias.

467 1597 613 1668 Romulo
636 1610 782 1676 mortuo,
810 1622 887 1669 cum
915 1601 1101 1691 interregno
1129 1601 1227 1668 nnius
1256 1602 1331 1669 anni
1360 1604 1502 1695 populus
1528 1603 1634 1672 lessus
1661 1613 1767 1688 esset,
1804 1601 1916 1672 Numa

510 1683 714 1775 Pompilius,
737 1683 1038 1757 Curibus‘Sobinis
1061 1688 1195 1765 accitos,
1217 1711 1275 1757 rex
1298 1701 1425 1757 creatur
1457 1725 1918 1761 ...............
1973 1691 2040 1761 715

466 1774 497 1844 ls
520 1774 684 1842 civitatem
708 1774 844 1842 deornm
869 1775 1082 1867 religionibus
1110 1776 1302 1868 legibusque
1331 1778 1540 1846 instituendis
1572 1780 1690 1846 iterum
1720 1781 1813 1870 quasi
1840 1802 1916 1846 con·
2150 1855 2153 1868 .

510 1862 632 1932 didisse
653 1862 764 1942 fertur,
778 1885 863 1931 cum
884 1887 944 1955 per
967 1864 1009 1932 43
1034 1887 1137 1931 anuos
1164 1865 1291 1931 nullum
1315 1863 1437 1933 bellum
1483 1877 1591 1933 ererrt
1612 1913 1915 1934 ..........
1973 1867 2040 1937 673

472 1949 588 2020 llrllur
611 1949 790 2024 Hostilius,
813 1950 955 2031 Romula
978 1953 1117 2020 similior
1138 1975 1236 2043 quam
1259 1952 1399 2034 Numae,
1422 1888 1569 2019 Allienus
1594 1956 1793 2039 (certaruine
1816 1952 1915 2021 llore-

508 2039 627 2106 tiorum
652 2049 686 2106 et
709 2039 950 2124 Curiatiorum)
972 2040 1112 2131 subjicit,
1136 2038 1222 2106 baud
1247 2039 1350 2107 multo
1371 2051 1449 2133 post
1470 2041 1586 2108 Albam
1610 2041 1741 2132 longam
1763 2044 1849 2135 capit
1872 2065 1911 2109 ac

478 2193 482 2198 ,
510 2127 618 2208 diruit,
642 2128 729 2193 eires
752 2126 892 2195 Romam
915 2129 1096 2197 transducit
1119 2171 1458 2198 ...........
1480 2138 1490 2195 “.
1515 2176 1916 2198 .............
1974 2130 2039 2199 667

464 2214 624 2370 Serapam
647 2224 745 2304 suget
766 2215 892 2307 aliquot
913 2217 1064 2308 gentibus
1085 2215 1222 2288 Albanis
1245 2216 1330 2285 inter
1352 2227 1461 2310 patres
1485 2218 1635 2311 receptis,
1659 2218 1839 2310 equitatum
1862 2218 1917 2286 rlu·

567 2304 640 2371 icat·
1204 2317 1207 2324 “

465 2329 618 2459 Fullirine
640 2389 724 2457 ictus
746 2387 831 2482 perit
850 2401 931 2483 post⁴
948 2413 1084 2481 regnum
1107 2390 1150 2461 39
1174 2413 1333 2459 annorum
1351 2439 1524 2464 ......
1532 2417 1537 2432 ·
1548 2435 1916 2461 ............
1975 2392 2038 2463 oss

421 2479 426 2488 ⁴
466 2479 582 2550 Ancus
603 2476 771 2556 Marcius,
793 2501 898 2572 nepos
920 2478 1049 2548 Numae
1071 2503 1113 2552 ex
1135 2478 1219 2556 lilia,
1248 2503 1353 2573 aeque
1380 2479 1460 2548 belli
1483 2503 1521 2548 rc
1541 2479 1636 2573 pueis'
1654 2480 1777 2547 artibus
1800 2479 1917 2561 clarus,

510 2566 645 2636 Latinos
669 2565 821 2645 devincit,
844 2566 947 2635 victos
970 2567 1111 2635 Romam
1134 2568 1168 2638 io
1194 2567 1397 2636 Auentinum
1419 2578 1565 2640 montem
1589 2568 1769 2657 demigrare
1792 2568 1893 2657 cogit.

470 2655 611 2737 Ostiam,
636 2653 821 2746 adenrptrm
847 2653 1052 2745 Veientibus,
1074 2656 1210 2726 colanus
1226 2655 1392 2724 Romanos
1414 2657 1555 2739 deducit,
1577 2656 1690 2725 urbem
1713 2656 1852 2724 llomam
1867 2656 1919 2723 Ja-

437 2815 445 2822 ,
510 2743 770 2817 niculo,munito
793 2744 946 2810 adversus
969 2744 1122 2812 Etruscos
1149 2745 1266 2812 lirmat.
1725 2747 1727 2752 ’

379 2849 382 2854 “
469 2828 551 2902 Post
566 2830 648 2897 Arici
662 2839 800 2897 mortem
813 2830 879 2916 (94
892 2853 994 2898 anno·
1007 2837 1216 2920 regnaverat)
1231 2831 1271 2900 h.
1290 2831 1498 2921 Tarquinius
1516 2829 1666 2909 Priscus,
1679 2830 1845 2916 Denrareti
1857 2831 1918 2902 Co
2148 2901 2153 2906 ,

513 2917 623 2989 rintbii
637 2917 734 2999 filius,
751 2918 807 3011 qui
820 2918 1018 3009 'l'arquimis
1034 2919 1181 2988 Etruriae
1194 2920 1326 3012 oppido,
1342 2920 1480 2988 Romam
1498 2920 1701 3010 rvrigruverot,
1718 2944 1774 2986 rex
1794 2931 1920 2988 creatur
1974 2918 2040 2991 616
2107 2927 2173 2997 138

332 3048 338 3058 ι
468 3005 587 3076 Caeles
612 3005 764 3073 Vibenus
787 3004 951 3075 coloniam
968 3007 1176 3076 Etruseorum
1194 3008 1334 3077 ltomaur
1356 3008 1446 3078 ducit
1466 3008 1650 3100 insidetque
1670 3019 1820 3076 montem
1835 3011 1919 3078 θαι-

510 3096 591 3169 Iium
615 3095 655 3160 ab
678 3118 717 3162 es
740 3117 775 3162 re
796 3106 958 3163 vocatum.
1001 3096 1081 3165 'l'au
1095 3102 1178 3167 Aura.
1200 3098 1231 3177 4,
1249 3099 1301 3166 65.

466 3184 625 3274 'l‘arqnin
647 3192 816 3250 senatores
838 3184 927 3250 addit
952 3204 1103 3265 centum,
1132 3184 1254 3254 deindo
1280 3185 1443 3253 minorum
1473 3184 1619 3276 gentium
1648 3181 1845 3277 appellatos,
1880 3194 1918 3254 ut

510 3274 577 3341 300
599 3282 766 3344 senatores
784 3278 925 3339 'nurnero
948 3272 1024 3340 lacti
1048 3274 1124 3340 sint
1213 3319 1215 3322 ψ

445 3358 557 3442 ,Ιὰοηι
581 3383 655 3429 ονιιιι
681 3382 781 3427 novas
802 3370 868 3428 tres
891 3363 1036 3451 equitum
1060 3360 1234 3430 eersturias.
1259 3359 1394 3447 augurio
1416 3358 1551 3437 vetitus,
1575 3356 1682 3429 lacere
1703 3381 1770 3428 non
1792 3365 1915 3454 posset,

512 3451 614 3516 tribus
636 3447 800 3516 veteribus
823 3450 960 3516 alterum
981 3460 1108 3517 motum
1124 3449 1252 3536 sitierit,
1273 3460 1313 3516 ut
1328 3459 1439 3519 essem
1458 3449 1551 3518 1200.

471 3534 582 3604 Vincit
602 3535 745 3604 Sabinos
768 3545 801 3603 et
824 3534 968 3613 Latinos,
990 3538 1221 3629 civitatemque
1243 3547 1347 3626 suget

467 3623 643 3716 'l‘emplom
666 3621 759 3691 Jovis
782 3621 960 3714 Capitolini
988 3625 1158 3693 aedificare
1187 3622 1391 3718 cloacasque
1416 3634 1543 3694 struere
1570 3621 1702 3715 incipit,
1728 3620 1824 3718 ludos
1853 3619 1916 3690 Ro-

513 3734 627 3778 manas
649 3733 675 3777 s.
699 3733 834 3799 magnos
858 3712 1007 3781 institnit
1126 3725 1131 3734 “

469 3799 661 3892 Tarquinio,
683 3823 742 3891 per
764 3798 898 3866 sicarios
921 3825 939 3866 a
963 3799 1092 3869 lllarciis
1114 3799 1294 3869 conductos
1315 3797 1406 3889 regni
1439 3822 1525 3866 annu
1548 3798 1602 3867 38.
1631 3797 1815 3874 interfecto,
1845 3819 1915 3866 suc·

511 3890 598 3958 cedit
620 3886 692 3955 sine
714 3897 843 3978 patrum
865 3890 1065 3973 arimoritate,
1089 3889 1148 3957 sed
1170 3888 1277 3980 plebis
1299 3888 1466 3956 voluntate
1489 3910 1548 3955 rex
1569 3885 1707 3955 Seruius
1734 3884 1915 3954 Tollius..
1972 3887 2041 3955 578
2107 3894 2172 3964 176

468 3975 683 4068 Esquilinum
708 3984 741 4044 et
767 3972 976 4045 Wmiuoleru
1002 3987 1145 4044 aroritem
1168 3971 1240 4043 urbi
1264 3976 1363 4057 addit,
1385 3999 1545 4066 moroque
1567 3974 1682 4065 cingit:
1705 3975 1815 4068 itaque
1839 3998 1914 4043 curn
2181 4019 2185 4026 ·

513 4065 604 4136 urbis
626 4065 784 4133 curbitum
809 4063 918 4145 elficit,
941 4063 997 4155 qui
1021 4062 1158 4156 posthae
1179 4065 1235 4134 diu
1258 4065 1388 4132 mansit.

335 4176 339 4185 ·
469 4149 632 4246 Populum
656 4152 690 4220 in
714 4154 736 4221 5
759 4150 880 4220 classes
902 4162 936 4220 et
959 4155 1023 4222 170
1046 4152 1208 4221 centurias
1230 4176 1272 4220 ex
1294 4175 1393 4222 censu
1417 4149 1591 4233 distribuit,
1614 4149 1733 4242 quibus
1756 4149 1915 4219 exercitus

515 4242 669 4332 pedester
696 4233 895 4323 efficeretur,
927 4239 979 4310 lris
1008 4241 1178 4331 adjunctio
1209 4241 1250 4309 18
1279 4242 1444 4310 centuriae
1466 4241 1623 4333 equitum.
1670 4239 1742 4306 Una
1769 4240 1913 4308 centuria

516 4352 694 4421 pauperum
716 4351 742 4396 s.
766 4328 1012 4419 proletariorom
1035 4331 1191 4397 immunis
1214 4328 1328 4398 militis
1352 4341 1414 4398 cst.

470 4414 561 4485 ldem
584 4415 714 4507 plebem
737 4417 771 4483 iu
795 4417 942 4507 triginta
964 4416 1084 4502 tribus,
1109 4419 1129 4485 l
1152 4418 1309 4496 urbanas,
1332 4418 1376 4486 96
1403 4416 1557 4500 rusticas,
1583 4437 1643 4508 pro
1670 4409 1736 4483 situ
1764 4435 1914 4504 agrorum

514 4504 686 4574 distribuit.
720 4503 881 4596 (Dionys.
897 4507 928 4576 d.
947 4510 1033 4593 15.)

466 4588 593 4665 Fanum
610 4592 735 4659 Dianae
758 4592 884 4662 Romae
906 4593 1065 4663 abitinis
1088 4593 1276 4688 populoque
1300 4593 1451 4664 Romano
1473 4590 1700 4662 communiter.
1711 4587 1913 4674 aedificatur,

514 4692 668 4773 tunquam
691 4693 939 4750 mouumentum
963 4685 1137 4752 societatis.

473 4767 681 4860 Tarquinius
697 4768 877 4859 Superbus,
903 4768 1002 4839 Prisci
1023 4771 1194 4864 'l'arquinii
1215 4769 1302 4837 lilius
1323 4792 1483 4861 neposve,
1509 4765 1660 4836 Servium
1682 4781 1803 4856 regem,
1826 4791 1914 4837 soce-

435 4857 439 4864 ’
511 4883 583 4927 rum
605 4881 712 4942 suom,
733 4880 835 4947 regno
854 4859 944 4950 quod
964 4885 1023 4953 per
1044 4863 1087 4929 ut
1111 4885 1214 4937 urinas
1230 4860 1477 4928 administrarat.
1503 4857 1632 4947 vitaque
1648 4857 1762 4946 privat,
1786 4868 1820 4925 et
1834 4859 1914 4926 [eru

510 4946 589 5038 citer
612 4957 726 5038 regnat
746 4969 851 5016 anuos
873 4949 917 5016 96
935 4968 949 5014 .’
966 4988 1204 5016 .........
1216 4943 1220 4962 ’
1229 4993 1431 5015 .......
1448 4981 1452 4986 ¹
1454 4991 1914 5014 ...............
1971 4943 2037 5013 534
2076 4947 2170 5052 ἱ990
