4734 5809
973 380 1696 554 7-411n4f

569 717 738 809 resson
759 723 877 798 sens,
899 708 946 779 aa
966 705 1053 776 tarn
1076 700 1322 773 crassam
1339 672 1570 773 andasta
1585 698 1736 793 rapam
1751 700 1863 790 aaa
1882 699 1937 770 aa
1953 656 2102 806 narn]
2126 656 2130 665 ’

759 813 1023 911 ‚Imperatoris
1043 820 1197 890 mortem,
1219 829 1316 903 anna
1328 817 1420 901 port·
1435 804 1607 903 Christum
1628 816 1748 875 natam
1771 807 1846 905 130.
1951 884 1983 897 ..
2023 880 2039 893 Ἀ

466 986 530 1151 'ig
548 1003 616 1142 nith
629 982 698 1139 vhh}
731 1065 893 1159 Quintam
914 1057 1126 1131 comulatam
1146 1030 1302 1146 (collega
1319 1053 1434 1125 dexto
1456 1014 1796 1146 Apprrlej0)⁴(‘aesar
1817 1052 1907 1121 Sami
1935 1052 2006 1133 init
2051 1002 2179 1123 ltomae
2224 1094 2227 1099 ,
2340 1090 2341 1097 κ

777 1153 931 1223 Calendis
946 1151 1020 1217 Jan.
1043 1157 1177 1215 senatus
1200 1146 1235 1213 in
1259 1146 1330 1211 e'us
1353 1155 1424 1212 acta
1438 1145 1535 1235 jurat,
1556 1166 1763 1223 sommare,
1783 1141 1994 1232 sedposthac
2015 1154 2115 1233 saepe
2129 1164 2179 1210 re·
2203 1158 2207 1163 '

701 1292 704 1296 ι
772 1252 901 1312 uocato.
947 1238 1019 1319 dlis
1043 1238 1077 1303 in
1099 1233 1249 1323 ejusdcm
1267 1169 1432 1299 docorem
1460 1232 1692 1316 decernuntur,
1720 1241 1758 1298 ut
1781 1232 1816 1298 ei
1842 1230 1941 1298 liceat
1967 1231 2002 1296 in
2025 1228 2179 1298 omnibus

701 1352 704 1359 ’
774 1330 905 1423 judiciis
927 1350 1019 1395 snam
1037 1321 1234 1392 sententiam
1251 1319 1497 1389 absolventibus
1513 1320 1664 1412 adjicere,
1686 1318 1891 1387 sacerdotum
1905 1315 1992 1387 colle
2015 1317 2056 1400 ia,
2079 1340 2180 1409 quem

759 1421 818 1490 ‚ad
840 1438 1012 1485 numerum
1034 1412 1200 1486 videatur,
1236 1430 1374 1498 augere,
1407 1406 1540 1476 Jannm
1560 1406 1741 1486 claudere,
1773 1406 1848 1474 alia.
1890 1405 1930 1475 ln
1956 1341 2072 1475 nahem
2094 1404 2181 1474 redit

643 1498 652 1526 ⁴
777 1530 892 1577 mense
915 1500 1032 1571 Sextili
1054 1498 1132 1590 (qni
1158 1496 1284 1565 mensis
1314 1497 1355 1564 ab
1383 1520 1413 1563 a.
1442 1497 1509 1566 tto
1538 1495 1704 1585 Augustus
1730 1498 1888 1582 vocatur)
1915 1505 1960 1587 et·
1976 1491 2179 1585 triumphum

774 1595 845 1686 agit
867 1591 1040 1684 triplicem,
1062 1588 1206 1678 primum
1229 1584 1270 1652 de
1285 1582 1471 1657 ¹Pannoniis
1494 1594 1529 1653 et
1549 1583 1731 1665 Dalmatia,
1757 1582 1897 1653 altorum
1919 1570 2087 1663 navalem,
2116 1590 2180 1650 ter·

778 1686 862 1752 tium
885 1682 925 1748 de
948 1681 1107 1767 Aegypto.
1153 1672 1352 1759 [inperator
1369 1686 1535 1766 perpetuo
1556 1673 1753 1762 cognomina
1774 1670 1985 1760 appellatur.

482 1781 529 1849 28
552 1772 620 1841 ¹126
658 1772 683 1840 3
735 1768 880 1840 Sextum
902 1769 1114 1836 consulatum
1139 1761 1262 1829 Cacsar
1284 1784 1360 1828 cum
1382 1762 1432 1829 M.
1453 1760 1613 1853 Agrippa
1636 1761 1755 1829 iterum
1770 1758 1915 1829 Consule
1938 1781 2055 1849 gerens
2076 1779 2180 1850 remp.

780 1859 958 1953 prudenter
980 1873 1179 1944 componere
1201 1847 1418 1939 aggreditur*
1441 1849 1620 1932 Censuram
1644 1871 1755 1941 agens,
1778 1857 1946 1952 assumpto
1969 1844 2014 1913 Μ.
2037 1846 2116 1936 ngat
2139 1869 2180 1938 pa

776 1948 923 2036 collega,
952 1953 1102 2011 senatum
1125 1960 1237 2005 severe
1261 1936 1356 2024 legit,
1389 1937 1576 2005 nominibus
1597 1937 1667 2004 lere
1695 1937 1763 2006 200
1790 1947 1979 2028 expunctus,
2011 1934 2070 2003 sed
2092 1935 2105 2002 i
2128 1957 2180 2001 em
2303 1944 2307 1955 “

706 2080 708 2083 .
738 2087 743 2094 .
779 2058 857 2103 cum
879 2054 1013 2101 censum
1037 2038 1226 2095 senatorum
1249 2024 1456 2115 ampliasset,
1476 2047 1544 2092 noa
1566 2024 1762 2093 habentibus
1787 2024 1930 2115 henigne
1957 2024 2079 2117 explet.
2123 2020 2182 2090 Pa-

707 2181 709 2183 .
781 2123 948 2191 tricinium
976 2138 1147 2185 numerum
1178 2113 1251 2202 lege
1274 2112 1394 2181 Saenia
1422 2122 1549 2203 auget,
1568 2113 1670 2183 aedes
1694 2135 1802 2181 sacrm
1829 2121 1992 2181 uetustate
2019 2110 2181 2202 collapsas

780 2206 1071 2296 (emistrianum
1086 2211 1189 2279 curat,
1212 2200 1328 2269 aedem
1342 2201 1505 2291 Apollinis
1519 2200 1661 2270 Palatini
1676 2201 1815 2283 delicat,
1838 2198 2044 2273 Mausoleum
2061 2199 2182 2268 condit.

783 2297 910 2368 Aerarii
932 2316 1043 2365 curam
1066 2291 1108 2356 ad
1123 2290 1294 2358 Praetores
1315 2299 1373 2356 ant
1394 2301 1543 2380 praetura
1565 2289 1696 2358 iunctos
1716 2287 1881 2358 transfert.
1925 2287 2000 2381 lpse
2016 2287 2183 2375 Princeps

781 2398 922 2454 renarra
948 2380 1167 2451 renuntiatur:
1201 2376 1305 2443 lustm
1333 2378 1410 2468 post
1436 2399 1560 2444 annum
1588 2377 1729 2445 alterum
1756 2387 1790 2445 et
1811 2374 2181 2467 quadragesimum.(ci.

418 2482 421 2491 '
556 2518 559 2524 -
730 2548 734 2557 ,
782 2498 810 2543 a
826 2476 892 2559 to)
916 2471 1048 2540 condito
1070 2465 1237 2546 tnotttn
1256 2465 1348 2533 cives
1369 2486 1487 2532 censos
1510 2465 1616 2532 esaei
1658 2464 1841 2534 etradidit.
2070 2513 2072 2517 -

487 2568 530 2647 27
559 2562 623 2631 727
665 2558 698 2628 ‘l'
739 2560 833 2630 Coss.
857 2551 1025 2650 Imperat.
1050 2555 1190 2623 Caesar.
1205 2549 1297 2632 VII,
1313 2553 1368 2649 Μ.
1390 2551 1550 2644 Agrippa
1565 2552 1611 2621 ΙΙ
1632 2556 1665 2640 .)
1709 2553 1750 2621 tt.
1773 2552 1806 2619 d.
1827 2551 2038 2621 valdius.
2061 2548 2184 2621 Caesar

679 2664 681 2667 ’
782 2652 817 2717 in
842 2659 959 2718 senatu
980 2643 1163 2711 orationem
1186 2640 1280 2745 quasi
1297 2639 1470 2732 imperium
1494 2640 1700 2733 depositurus
1722 2639 1831 2725 habet,
1853 2640 1914 2710 aed
1933 2663 2013 2709 mox
2026 2640 2107 2733 ipsis
2122 2640 2183 2708 ldi-

784 2739 846 2806 hus
868 2738 903 2803 in
927 2732 1122 2802 decennium
1144 2729 1415 2830 sihrproragari
1435 2729 1572 2821 patitur,
1605 2729 1640 2799 id
1685 2729 1749 2797 uod
1773 2716 1888 2820 quales
1908 2726 2047 2821 posthac
2067 2730 2183 2821 repeti

699 2876 705 2889 .
785 2838 855 2911 tur,
883 2825 961 2891 dum
984 2817 1140 2887 modain
1168 2816 1441 2906 quinquennium,
1477 2817 1577 2885 modo
1599 2817 1634 2883 in
1658 2753 1859 2885 decennium
1880 2815 1963 2884 illud
1984 2817 2078 2909 quasi
2098 2834 2183 2885 onus

785 2913 931 3004 suscipit
977 2906 1043 2974 Sed
1063 2903 1264 2994 provincias
1282 2904 1488 2992 pacatiores
1511 2904 1648 2972 senatui
1672 2905 1805 2987 reddit,
1836 2906 1873 2972 in
1898 2929 1979 2998 quaa
2007 2906 2184 2998 quotannis

786 3027 826 3073 cs
850 3010 966 3069 sedatu
988 2991 1206 3062 Proconsules
1229 2991 1449 3075 mitterentur,
1478 2990 1544 3060 sihi
1570 2993 1695 3061 retinet
1721 2992 1935 3071 ferociores,··
1953 3005 1987 3063 et
2007 2995 2041 3061 in
2065 2994 2183 3086 quibus

785 3089 901 3158 validis
925 3082 1121 3155 exercitibus
1145 3103 1227 3171 opus
1250 3080 1353 3164 ess'et,
1376 3080 1615 3163 Lusitaniam,
1641 3080 1854 3169 Hispaniam
1881 3081 2184 3164 Tarraconensm
2227 3145 2231 3157 ,

786 3177 944 3262 Gallias,
970 3171 1146 3250 Ciliciam,
1168 3169 1310 3271 Syriam
1331 3193 1404 3237 cnm
1427 3167 1601 3237 Phoenice
1621 3180 1657 3237 et
1680 3170 1811 3259 Cypro,
1834 3170 2057 3261 Aegyptum,
2111 3171 2191 3239 ibus·
2292 3238 2301 3249 ,

786 3267 995 3357 paulopost,
1019 3267 1258 3350 permutatione
1281 3257 1379 3338 laem,
1403 3256 1531 3325 additor
1551 3256 1753 3326 Dalmatia.
1799 3257 1837 3327 ln
1865 3281 1921 3327 eas
1948 3258 2045 3349 legati
2066 3195 2185 3329 dhes·-

786 3357 832 3423 ris
854 3376 913 3445 pro
935 3347 1144 3417 Praetoribus
1173 3344 1375 3425 mittuntur,x
1389 3355 1537 3437 tempore
1565 3368 1634 3412 non
1662 3344 1807 3413 delinito.
1851 3343 1891 3413 L.
1913 3344 2051 3416 lllunatii
2071 3346 2185 3416 Planci

740 3474 742 3477 ·
783 3440 950 3511 sententia
975 3435 1107 3523 Caesari
1128 3455 1253 3502 novum
1276 3455 1459 3523 cognomen
1480 3431 1628 3513 Arransti
1649 3432 1807 3501 tribuitur.

894 3528 939 3595 Μ.
966 3526 1110 3615 Agrippa
1138 3520 1311 3590 Pantheon
1340 3521 1478 3591 dedicat.
1523 3521 1677 3591 Messalla
1706 3520 1867 3593 mainus
1893 3525 1915 3593 7
1943 3522 2016 3597 Cal·
2039 3523 2113 3594 Oct.
2142 3547 2184 3595 ex

785 3616 895 3686 Gallia
916 3612 1153 3704 (Aquitanica)
1175 3609 1364 3702 triumphat.
1638 3654 1641 3661 ·

490 3718 537 3792 26
565 3706 631 3777 tus
670 3706 693 3772 5
746 3705 918 3776 Octavam
939 3700 1151 3770 consulatum
1172 3698 1357 3767 Tarracone
1379 3698 1450 3770 init.
1473 3720 1541 3789 qno
1563 3698 1605 3766 ad
1626 3698 1890 3792 componendum
1915 3699 2103 3792 provinciae
2123 3711 2184 3770 ata·
2226 3744 2229 3751 ·

788 3805 859 3862 torn
882 3817 912 3861 a.
935 3790 1102 3890 superiore
1125 3787 1291 3878 profectus
1314 3798 1394 3865 erat,
1416 3785 1540 3877 collega
1569 3786 1606 3854 Τ.
1628 3786 1770 3857 Statilio
1798 3787 1912 3856 Patara
1930 3788 1981 3858 H.
2073 3782 2078 3791 ’

898 3878 1070 3946 Cornelius
1094 3876 1226 3957 Gallos,
1250 3875 1332 3942 olim
1353 3875 1504 3968 Aegypto
1525 3875 1725 3965 praelectus,
1753 3876 1841 3967 quod
1864 3876 1964 3944 multa
1987 3887 2100 3946 contra
2124 3874 2186 3946 tlu-

742 4072 745 4077 ·
789 3963 1866 4126 tttttttttttttntt‘tttttt‘tttttt{MP
1881 3965 2006 4051 ³⁰¹⁰&
2021 3965 2067 4034 n.
2083 3965 2187 4058 ¹³⁸⁰*

1412 4078 1417 4094 ·
1676 4077 1692 4118 r
1733 4076 1813 4121 neca
1829 4077 1876 4120 ur.

895 4145 996 4236 Septa
1011 4142 1031 4209 J
1035 4141 1099 4209 ulia
1115 4142 1148 4207 in
1164 4160 1281 4232 campo
1295 4139 1412 4209 lllartio
1429 4140 1469 4208 ah
1484 4141 1628 4234 Agrippa
1650 4141 1852 4227 dedicantur,
1874 4140 1940 4209 Dio
1956 4140 2046 4210 cass.
2061 4144 2115 4229 53,
2133 4143 2186 4214 23.

788 4233 840 4303 Ci.
865 4234 932 4303 Cic.
956 4233 997 4299 ad
1017 4230 1160 4298 Atticum
1185 4229 1216 4311 tl,
1240 4231 1287 4297 16¹
1298 4229 1354 4296 lin.
1849 4276 1862 4291 .

481 4326 540 4407 ’95
567 4322 632 4395 tas
672 4321 694 4391 6
745 4323 839 4393 Coss.
869 4324 1005 4391 Caesar
1031 4318 1205 4408 Augustas
1219 4316 1298 4395 IX,
1330 4317 1381 4387 M.
1403 4315 1528 4386 Jrrnina
1556 4315 1731 4404 Silanus.)
1776 4313 1942 4405 linguatus
1968 4317 2003 4385 in
2031 4317 2188 4411 Hispania

792 4411 914 4481 bellum
937 4410 1091 4477 adrersm
1114 4406 1310 4475 Cantabros
1333 4416 1367 4474 et
1387 4405 1524 4475 Astures
1546 4407 1694 4510 suscipit,
1715 4405 1773 4473 sed
1796 4428 1892 4495 aeger
1906 4405 2125 4476 'Par-raconem
2139 4433 2189 4478 re.

790 4523 914 4580 versus,
939 4501 1009 4603 ejus
1032 4497 1079 4563 rei
1102 4517 1212 4561 curam
1237 4492 1274 4560 C.
1297 4493 1458 4575 Antistio,
1480 4493 1521 4560 Τ.
1544 4493 1669 4562 Cariam
1692 4493 1807 4581 legatis
1829 4494 2021 4563 committita
2055 4496 2188 4568 domitis

791 4588 858 4657 illis
880 4589 1047 4676 gentibus,
1070 4590 1297 4653 ueteranorum
1320 4581 1447 4651 ωΙοιιὶε
1470 4582 1616 4672 Augusta
1633 4583 1777 4649 Emerita
1791 4581 1827 4649 in
1839 4581 2006 4650 Lusitania
2028 4585 2187 4656 conditur.

793 4676 934 4753 Salassi,
959 4698 1039 4761 gons
1062 4670 1223 4761 inalpino,
1246 4693 1425 4759 numquam
1447 4671 1527 4737 satis
1549 4681 1678 4760 pacata,
1710 4694 1769 4758 per
1797 4672 1836 4738 Α.
1858 4670 2048 4740 'l'erentium
2073 4670 2190 4743 ¹Varro·

792 4788 886 4839 nem,
916 4786 993 4829 cum
1014 4760 1223 4835 rebellasset,
1250 4782 1356 4849 paene
1378 4758 1520 4827 deletur:
1550 4762 1584 4825 in
1613 4780 1726 4825 earam
1750 4782 1827 4847 agro
1854 4761 1999 4852 Augusta
2021 4761 2188 4834 Praetoria

793 4853 939 4939 (hosta)
963 4848 1120 4919 conditur.
1165 4846 1270 4923 Janus
1292 4847 1411 4915 iterum
1434 4846 1516 4937 Aug.
1537 4846 1673 4919 uomina
1693 4847 1863 4917 clauditur.
1945 4926 1948 4941 Ι
